1612 2970
421 136 1232 218 PRAEFATIQ

154 297 382 374 probare
400 294 674 361 nitebatur
701 309 771 347 ex
801 289 1159 366 inscriptione
1179 332 1192 354 ‚
1237 306 1403 366 quam
1430 290 1489 344 &

151 374 316 432 frater
346 390 497 429 meus
531 369 797 427 exhibuit⁴
828 370 882 425 in
923 366 1071 429 fastis
1102 364 1225 423 suis.
1305 367 1484 429 Hinc,

150 451 335 509 scribit
358 448 691 505 Dodwellus
708 489 728 510 ,
770 457 955 503 contra
965 443 1134 520 fhstos
1158 461 1330 500 omnes
1354 441 1491 500 Pol-

153 530 337 586 lionem
376 526 551 603 inquit
605 522 662 582 [5
709 523 1047 598 Opimianum
1087 520 1317 594 confides
1353 518 1493 577 ordi-

153 606 332 663 narios
366 598 533 678 fnisse
570 599 762 673 diserte
793 597 1017 674 testatur
1046 598 1127 656 hic
1157 598 1333 675 lapis.-
1389 595 1506 654 Sed

153 702 250 738 non
277 680 418 737 vidit
449 681 627 735 vocem
655 676 948 734 ordinariis
975 695 1071 734 non
1100 674 1177 732 ‘ad
1191 677 1394 752 priores
1396 672 1505 749 st’d

152 758 231 816 ad
246 756 560 834 posteriores
602 752 730 811 'duos
784 754 1014 827 consules
1036 753 1332 832 pertinere.
1433 748 1506 808 Id

152 834 347 910 constat
373 851 440 890 ex
468 831 634 889 codice
662 829 991 907 Justinianeo
1015 834 1043 897 ',
1098 830 1183 887 nbi
1222 841 1379 887 extat
1409 848 1495 886 re-

141 913 410 988 firiptum
440 908 563 982 (lib.
587 928 638 963 2.
666 909 754 964 tit.
790 907 871 982 1.)
903 907 1166 973 Antonini
1195 907 1291 965 Pii
1325 907 1399 964 P..
1422 906 1496 964 P.

163 1007 251 1044 ιν.
291 987 393 1044 kal.
428 985 609 1044 Ocho.
666 983 855 1042 Sabino
904 985 983 1043 II.
1029 986 1084 1047 {63
1125 985 1325 1042 Severo
1365 980 1495 1061 Coss.

156 1065 325 1123 Nam¹
342 1063 729 1120 ordinariorum
768 1064 1027 1138 confidam
1053 1107 1067 1127 ,
1125 1082 1221 1120 non
1249 1062 1497 1137 suffiei‘o-

158 1161 278 1199 rum
297 1179 312 1206 ‚
356 1142 562 1198 nomina
593 1141 873 1216 rescriptis
909 1141 1231 1216 Principum
1284 1140 1500 1217 aqjungi

142 1218 402 1291 fidebant.
490 1219 572 1273 lta
600 1221 654 1271 &
685 1218 740 1274 in
768 1218 917 1275 fastis
947 1219 1216 1274 veteribus
1244 1217 1502 1291 probabi-

157 1296 266 1352 lius
295 1294 371 1351 est
413 1293 808 1351 ordinariorum
843 1294 1128 1351 consulum
1173 1310 1342 1370 quam·
1387 1291 1501 1349 suf-

158 1371 429 1428 ἱεξῒοωιῃ
476 1371 629 1447 legi:
686 1389 782 1426 nec
809 1372 946 1426 ilico
975 1410 992 1437 ‚
1048 1390 1224 1447 quum
1271 1371 1500 1429 nomina

158 1448 444 1505 consulum
488 1445 611 1503 fasti
653 1448 885 1522 quidam
915 1448 1183 1506 exhibent
1213 1467 1356 1524 quae
1388 1467 1501 1504 non

158 1526 501 1582 conveniunt
521 1542 645 1580 cum
676 1525 994 1581 nominibus
1011 1525 1297 1581 consulum
1321 1569 1345 1592 ,
1361 1542 1503 1600 quos

157 1601 264 1658 isto
309 1621 452 1659 anno
495 1598 655 1655 fuisse
707 1601 1012 1658 ordinarios
1069 1600 1280 1657 conflat
1308 1646 1333 1669 ,
1389 1623 1504 1658 cre-

160 1677 401 1734 dendum
469 1674 543 1732 est
607 1676 862 1733 suffestos
915 1676 1161 1733 consules
1226 1678 1281 1734 in
1350 1675 1502 1736 fastis

160 1772 264 1829 pro
294 1752 582 1809 ordinariis
611 1754 830 1824 pofitos.
903 1754 1115 1829 Insigne
1143 1757 1256 1831 ejus
1286 1755 1358 1813 rei
1387 1755 1505 1832 spe·
1583 1764 1586 1766 ’

161 1831 344 1887 cimen
396 1829 553 1886 dedit
595 1827 758 1887 frater
799 1849 948 1888 meus
992 1831 1062 1888 ad
1108 1851 1312 1889 annum
1353 1848 1504 1894 aerae

163 1906 514 1971 Christianae
588 1924 715 1977 235.
787 1909 884 1964 ubi
937 1907 1101 1966 fastos
1154 1908 1199 1966 F
1205 1910 1506 1967 lorentinos

161 1983 472 2040 luculenter
506 1983 792 2042 illustravit
829 1990 882 2041 ὅτ
927 1985 1169 2044 restituit,
1244 1987 1505 2044 Attendit

144 2062 434 2123 nimirum*
466 2061 536 2117 ad
568 2061 769 2138 singula
798 2062 1078 2120 consulum
1126 2068 1384 2132 nomina,
1425 2066 1508 2122 vi-

160 2138 361 2212 ditque
394 2139 460 2194 ab
487 2157 630 2194 anno
661 2157 758 2214 235
798 2159 975 2216 usque
1006 2143 1077 2198 ad
1116 2160 1231 2216 254
1259 2141 1507 2200 consules

159 2216 313 2272 annis
341 2213 441 2270 suis
483 2214 786 2292 'adscriptos
818 2237 926 2274 non
962 2219 1189 2295 quidem
1233 2221 1299 2279 iis
1352 2221 1508 2277 annis

159 2290 346 2348 locum
383 2292 579 2353 habere
612 2295 791 2369 posse,
851 2316 952 2353 nec
988 2314 1167 2354 tamen
1200 2297 1325 2356 illos
1351 2337 1370 2365 ,
1423 2297 1510 2354 uti

162 2370 326 2432 multi
360 2370 453 2426 aiii
475 2414 487 2434 ,
540 2389 642 2445 pro
671 2371 908 2432 suffeffis
938 2374 1215 2434 habendos
1243 2374 1348 2433 effe
1379 2392 1508 2430 cen-

161 2443 270 2530 snit
287 2477 303 2514 3
347 2445 436 2503 sed
457 2448 511 2506 in
542 2450 850 2508 nominibus
877 2451 1162 2509 consulum
1182 2491 1199 2519 ,
1238 2469 1385 2528 quae
1415 2469 1510 2509 an-

160 2540 245 2585 ms
272 2524 548 2599 proximis
573 2526 844 2606 adscripta
870 2545 1021 2590 erant
1049 2572 1065 2598 ,
1124 2531 1341 2591 invenit
1382 2548 1508 2664 vera

1309 2625 1508 2671 Gonu·
