1586 2944
617 133 664 189 F
712 135 779 197 &A
822 130 1003 197 {SJT
1062 135 1096 191 ¹I

499 346 531 396 l.
543 360 590 397 2.
605 343 666 396 C
681 339 879 393 Theod.
903 340 963 392 de
992 343 1222 409 quaestor.
1256 339 1465 411 magistr.
1499 333 1574 390 of-

914 443 921 447 „
977 407 1135 460 ficior.

831 516 841 526 .
908 475 969 526 de
991 476 1244 553 primicer.
1251 477 1302 529 &
1323 492 1474 530 notar.

833 583 843 592 .
913 544 975 593 de
994 544 1207 612 agentib.
1229 543 1280 597 in
1303 546 1404 608 reb.

832 650 841 661 .
912 612 972 663 de
999 613 1221 681 privileg.
1247 628 1347 666 cnr.
1364 612 1451 682 qui
1470 612 1518 663 in
1543 611 1575 661 s>

1008 680 1150 732 Palat-

828 787 839 797 .
906 746 967 797 de
989 747 1242 800 tironibus.

753 855 763 864 .
835 854 846 866 .
911 815 972 864 de
1007 814 1286 868 desertorib
1317 815 1368 866 &
1396 815 1577 868 occult.

1016 899 1116 933 ΕΘΓ.

778 988 788 998 .
825 987 837 997 .
889 949 963 998 *de
986 948 1098 1000 filiis
1105 923 1308 1004 militirr.
1325 950 1578 1017 apparitoi.

838 1055 847 1065 .
911 1016 1181 1068 detabular.
1195 1018 1434 1085 logograf.
1451 1018 1546 1068 δῖε.

841 1123 849 1134 .
920 1082 1026 1134 de
1014 1085 1067 1134 iis
1092 1102 1212 1152 quae
1237 1084 1498 1136 administr
1528 1102 1577 1134 v.

1015 1150 1099 1203 off.

843 1257 852 1267 .
917 1218 978 1268 de
993 1218 1249 1282 exhibend.
1267 1233 1315 1270 v
1330 1220 1579 1271 transmitt.

1025 1285 1135 1335 sels.

846 1393 856 1403 .
925 1352 988 1403 dc
1009 1352 1192 1404 custod.
1216 1369 1344 1404 reor.
1422 1394 1425 1400 .

763 1456 779 1471 .
846 1461 856 1471 .
927 1421 982 1471 ad
1009 1422 1037 1469 l.
1050 1421 1145 1486 Jul.
1168 1418 1475 1496 repetund

834 1529 842 1538 .
914 1489 974 1538 de
994 1489 1138 1540 bonis
1153 1478 1464 1565 proscriptor.

840 1597 850 1607 .
921 1557 980 1607 de
999 1555 1136 1608 locat.
1162 1555 1382 1611 fundor.
1361 1572 1464 1624 Jur.
1470 1571 1578 1607 em·

1013 1625 1154 1698 pbyt

776 1729 784 1739 .
832 1732 843 1742 .
914 1691 975 1741 de
994 1706 1125 1757 petit
1146 1691 1322 1742 &ulna
1337 1690 1430 1743 dat.

754 1797 764 1807 .
837 1799 847 1810 .
913 1760 973 1807 de
993 1758 1235 1809 thesauris.

835 1866 844 1877 .
912 1826 970 1877 de
985 1825 1277 1879 extraordin.
1293 1825 1325 1876 s.
1340 1826 1460 1907 sord.
1474 1843 1576 1878 mu·

1019 1910 1118 1944 ΗΕΓ.

841 2002 849 2012 .
918 1962 977 2012 de
995 1959 1352 2036 appellationib.

817 2070 826 2080 .
875 2071 884 2080 .
921 2031 980 2080 de
1001 2028 1299 2080 decurionib-

839 2134 852 2148 .
921 2098 979 2148 de
1005 2098 1168 2172 legatis
1192 2102 1238 2147 &
1257 2097 1435 2149 decret.
1450 2096 1575 2166 lega-

990 2181 1107 2216 tlon.

750 2273 760 2282 .
832 2274 841 2285 .
911 2235 970 2286 de
992 2232 1302 2285 naviculariis.
1456 2232 1458 2234 ’

833 2342 842 2351 .
911 2303 969 2353 de
993 2300 1201 2366 pistorib.
1216 2302 1267 2351 &
1291 2299 1573 2353 catabolens.

752 2409 761 2417 .
833 2409 842 2418 .
908 2370 968 2420 de
989 2386 1162 2420 annon.
1179 2368 1318 2420 civic.

785 2470 802 2486 .-
834 2477 843 2486 .
911 2434 971 2488 de
992 2435 1173 2501 operib
1190 2435 1372 2509 public

832 2544 842 2554 .
906 2505 966 2558 dc
988 2502 1200 2571 scenicis.

1468 2569 1502 2619 1.
1527 2585 1570 2621 2.
