1612 2970
409 0 520 25 :0-—0-‘7

166 100 773 312 nAfiRIANI'
834 135 1397 271 RELAND‘I‘

51 344 635 546 PRAE
712 392 798 507 F
871 394 971 507 A
1037 377 1439 509 TIO.

608 863 782 899 rerum
837 764 1197 920 plurimarum
1253 843 1443 917 cogni-

606 923 826 988 tiones
849 941 993 998 quae
1019 936 1176 977 antea
1204 919 1444 976 tenebris

610 999 896 1056 involutae
927 1000 1161 1055 lubricas
1195 1012 1288 1053 aut
1320 996 1444 1052 nul-

366 1146 382 1157 l
607 1077 685 1134 las
720 1093 1036 1152 temporum
1080 1089 1234 1131 notas
1276 1073 1441 1130 habe-

285 1142 353 1192 9⁴
422 1156 527 1217 s?
606 1154 764 1222 bant,
792 1150 1443 1227 adeocertumestquam

82 1230 265 1304 quod
283 1231 660 1289 certissimum.
728 1232 830 1287 Ex
875 1233 979 1288 illo
1039 1248 1289 1304 tempore
1325 1248 1444 1304 quo

82 1307 194 1363 viri
235 1308 445 1364 eruditi
484 1307 595 1366 illis
653 1309 992 1366 illustrandis
1038 1326 1208 1383 atque
1256 1325 1444 1363 emen·
1521 1336 1528 1342 x

83 1383 282 1441 dandis
321 1401 542 1439 manum
580 1388 951 1442 admoverunt
990 1392 1045 1441 &
1077 1403 1331 1441 nummos
1363 1384 1444 1440 la-

83 1461 363 1546 pide'sque
404 1475 614 1518 veteres
655 1481 783 1518 cum
813 1463 880 1516 iis
919 1456 1170 1517 conferre
1211 1459 1443 1534 aggi-effi

80 1537 208 1596 sunt
239 1577 256 1603 ‚
304 1557 457 1594 nova
502 1537 645 1594 facie
674 1543 728 1593 δε
766 1537 930 1592 firmo
956 1553 1187 1610 corpore
1221 1536 1442 1610 conspi-

81 1635 186 1673 cua
218 1615 272 1672 se
296 1615 503 1671 obtulit
532 1613 793 1679 historia,
821 1612 971 1671 testis
998 1614 1094 1670 illa
1126 1631 1441 1688 temporum

79 1710 145 1751 ac
181 1691 437 1771 magistra
478 1694 666 1755 vitae,
729 1696 785 1746 δε
831 1709 912 1747 res
958 1693 1273 1747 innumerae
1315 1706 1443 1748 ante

80 1787 181 1828 nos
222 1769 401 1847 gestae
447 1770 601 1846 quasi
645 1768 993 1845 postliminio
1032 1769 1103 1825 ad
1134 1768 1282 1825 sedes
1323 1766 1442 1826 suas

79 1866 220 1924 quas
260 1849 317 1905 in
355 1849 640 1904 annalibus
686 1846 959 1902 habebant
1009 1850 1065 1901 δε
1098 1844 1439 1904 clariffimam

80 1925 263 1982 lucem
283 1926 582 1982 redierunt.
628 1925 827 1981 Finem
858 1921 957 1979 fibi
974 1924 1213 1980 eundem
1235 1943 1442 2000 propo-

80 2002 192 2062 suit
220 2003 381 2078 hujus
411 2003 539 2059 libri
572 2002 762 2058 austor
789 2039 806 2067 ‚
837 2000 1132 2078 disciplina
1155 2003 1291 2077 juris
1319 2022 1442 2058 eru-

42 2117 50 2123 ·
80 2080 267 2145 ditus,
313 2081 567 2155 adeoque
601 2098 711 2134 non
744 2078 976 2135 alienam
998 2079 1211 2136 ducens
1244 2078 1458 2146 studiis?

80 2155 188 2214 suis
234 2159 420 2234 legum
452 2155 871 2214 illustrationem
902 2175 972 2212 ex
1005 2158 1073 2214 iis
1115 2177 1256 2232 quae
1290 2172 1440 2213 vete-

81 2254 164 2292 res
193 2236 350 2294 nobis
380 2235 706 2292 membranis
733 2248 826 2290 aut
856 2231 993 2291 saxis
1028 2233 1291 2308 inscripta
1307 2234 1438 2290 reli-

80 2329 337 2387 querunt.
419 2315 626 2370 Manus
653 2311 882 2386 quidem
918 2327 1164 2369 extrema
1196 2331 1307 2367 non
1347 2331 1438 2368 ac-

85 2390 238 2447 cesfit
272 2391 402 2448 huic
430 2390 802 2447 lucubrationi
835 2427 853 2456 ,
895 2410 1037 2466 quae
1081 2388 1187 2444 fine
1229 2389 1437 2455 dubio,

81 2465 120 2522 fi
172 2469 286 2525 vita
343 2466 803 2544 suppeditavisset
827 2505 845 2533 ,
902 2467 1116 2524 au&ior
1146 2465 1435 2543 prodiisset

81 2544 336 2622 pluribus
380 2545 753 2606 monumentis
784 2589 809 2614 ,
849 2559 990 2660 Ἓξ
1018 2545 1219 2604 indies
1211 2559 1440 2676 protra-

1275 2636 1441 2677 untur
