1612 2970
417 65 1220 174 PRAEFATIQ

149 250 319 311 modo
358 251 459 310 illo
487 250 704 314 nomine
733 262 1118 323 nuncupantur
1153 248 1291 306 utile
1316 242 1394 306 est
1420 250 1501 308 dit

147 331 295 393 mnia
323 330 543 389 nomina
568 328 852 385 consulum
881 326 1015 384 scire
1041 365 1058 394 ,
1109 331 1163 383 ὃς
1191 326 1295 385 hac
1320 329 1485 386 ratioa

146 429 214 466 ne
240 409 310 466 ad
343 407 671 470 medicinam
713 403 923 484 legiblis
964 401 1279 467 faciendam
1326 425 1484 470 acce-

146 486 291 544 dere.
1450 521 1453 524 <

129 626 133 630 ,
225 564 504 621 Praeterea
545 575 719 638 quum
759 560 915 637 saepe
955 558 1144 637 aliqua
1173 559 1398 617 nomina
1422 569 1495 617 o-‘

147 643 434 698 mittantur
470 658 540 700 ex
573 641 747 697 tribus
776 655 1085 715 quatuorve
1117 653 1212 702 aut
1238 637 1489 714 pluribus

147 714 289 794 quae
318 737 455 778 unus
483 717 677 778 habuit
709 756 726 783 ‚
776 716 913 773 utile
938 715 1015 773 est
1049 717 1236 774 omnia
1266 716 1488 773 nomina

147 796 297 854 illius
324 794 558 852 consulis
581 795 841 870 indagare
872 813 938 850 ne
968 794 1095 868 quis
1125 791 1367 851 diversos
1382 812 1486 870 pu-

147 889 227 929 tet
258 908 276 939 ‚-
330 889 499 948 quum
532 872 681 947 apud
724 872 869 927 hunc
898 870 1487 946 scriptoremlegitu'-

148 968 281 1006 num
321 965 414 1007 aut
439 950 553 1006 duo
584 949 805 1005 nomina
831 948 1063 1022 alicujus
1093 945 1327 1006 consulis
1354 991 1368 1012 ,
1429 953 1487 1005 δε

148 1027 298 1102 apud
343 1026 500 1083 illum
536 1045 733 1083 nomen
777 1042 870 1083 aut
900 1026 1123 1082 nomina
1154 1044 1295 1102 quae
1327 1023 1489 1101 plane

148 1104 361 1161 diversa
386 1103 509 1163 sunt
535 1104 603 1162 ab
630 1100 744 1160 istis
775 1122 913 1180 quae
930 1119 1086 1160 antea
1113 1104 1283 1180 legit„
1326 1102 1487 1160 Idem

147 1181 254 1238 effe
280 1183 379 1245 vir,
426 1182 572 1239 idem
592 1181 814 1247 consul,
856 1179 1039 1256 potest
1064 1182 1156 1237 cui
1185 1185 1240 1237 &
1267 1181 1403 1237 haec
1431 1184 1488 1236 &

144 1258 241 1315 illa
270 1258 488 1314 nomina
529 1261 868 1315 conveniunt
895 1298 913 1326 ‚
968 1259 1049 1314 uti
1089 1258 1237 1314 idem
1282 1258 1490 1316 Cicero

145 1335 293 1392 idem
338 1335 565 1393 Marcus
621 1336 842 1393 Tullius
895 1334 1012 1391 dici
1059 1333 1249 1409 potest.
1327 1334 1488 1409 Idem

147 1412 503 1487 Lampridius
532 1447 551 1477 ,
604 1412 754 1467 idem
790 1411 980 1469 Aelius
1012 1411 1362 1485 SpartianUS,
1404 1414 1488 1472 uti

142 1489 227 1547 vir
253 1488 521 1546 maximus
560 1487 840 1549 Claudius
864 1486 1151 1547 Salmasius
1170 1490 1227 1546 in
1255 1490 1400 1548 notis
1415 1489 1488 1548 ad

139 1565 454 1640 Vopiscum
488 1564 788 1638 suspicatur
816 1575 942 1640 pag.
972 1581 1110 1638 427.
1154 1566 1240 1622 Ita
1267 1566 1488 1627 Gotho-

140 1640 329 1699 fredus
357 1644 414 1697 in
444 1640 916 1716 prosopographia
946 1641 1185 1700 Codicis
1215 1641 1487 1700 Theodoa

141 1717 275 1774 fiani
321 1722 376 1773 &
419 1716 621 1793 Pagius
652 1719 709 1773 in
751 1717 967 1774 Critica
1005 1720 1282 1776 annalium
1317 1720 1483 1779 Baro·

143 1797 431 1852 nianorum
477 1791 550 1850 ad
589 1813 790 1851 annum
832 1801 961 1869 362.
992 1795 1284 1855 observant
1311 1799 1367 1854 in
1399 1800 1482 1856 in-

143 1871 442 1947 scriptione
467 1873 641 1928 veteri
666 1888 1104 1930 SATVRNJNJVM
1137 1888 1485 1934 sfichDvM

142 1949 412 2024 appellari
440 1949 540 2024 qui
562 1965 896 2006 SALvsT1vs
926 1947 1046 2008 aliis
1075 1951 1280 2010 dicitur
1296 1991 1313 2019 ‚
1332 1973 1485 2029 prae-

142 2025 322 2084 festus
355 2026 629 2101 praetorio
666 2026 965 2085 Galliarum
1002 2067 1020 2094 ‚
1077 2031 1207 2105 quia
1243 2032 1486 2091 Romani

143 2104 211 2159 ab
242 2101 514 2161 historicis
543 2105 667 2160 &in
699 2103 793 2161 usu
823 2105 1036 2183 vulgati
1068 2107 1338 2183 loquendi
1359 2111 1484 2184 qui-

144 2181 373 2238 busdam
409 2182 750 2257 quandoque
779 2186 1207 2259 cognominibus
1237 2187 1510 2263 appellen

144 2258 379 2324 bantur,
417 2277 561 2333 quae
591 2260 667 2316 eis
698 2279 973 2337 nunquam
1009 2263 1064 2319 in
1104 2263 1483 2342 inscriptioni-

143 2335 244 2393 bus
296 2335 540 2412 actisque
593 2337 826 2411 publicis
881 2341 1274 2404 attribuuntur.
1359 2342 1483 2417 Qui

143 2413 360 2471 confert
405 2414 776 2488 inscriptiones
833 2434 1040 2480 veteres
1083 2420 1166 2477 his
1207 2417 1356 2477 fastis
1397 2423 1485 2492 ing,-

142 2487 306 2566 scrtas
352 2494 607 2569 exempla
649 2494 909 2570 colligere
961 2495 1117 2573 plura
1162 2498 1368 2574 poterit
1407 2503 1481 2555 exss

1277 2574 1483 2650 quibus
