1612 2970
471 139 1273 210 PRAEFATIO.

204 287 425 348 nomina
466 285 658 343 fimilia
696 286 1007 346 nominibus
1063 286 1345 357 consulum
1388 286 1540 346 illius}

204 368 330 425 anni
372 363 942 441 continerent)quatn
982 367 1140 442 quod
1180 366 1407 422 omnino
1450 385 1539 430 eas

202 443 291 502 illi
332 461 474 498 anno
513 442 797 499 vindicare
835 443 1089 519 voluerit.
1183 446 1361 502 Haec>
1388 444 1540 501 dista

205 521 399 585 sunt0,
441 538 508 576 ne
534 521 660 595 quis
686 520 826 576 vitio
861 519 961 596 ipfi
997 536 1208 588 vertat,
1248 522 1376 578 loco
1409 520 1542 578 alie-

207 615 281 655 no
310 596 690 672 inscriptiones
717 597 927 673 aliquas
957 598 1082 674 legi.
1141 600 1198 655 N
1208 617 1269 654 ec
1295 597 1544 661 diffiteor

207 676 355 733 haud
385 693 582 751 paucas
613 674 995 751 inscriptiones
1035 696 1066 732 a
1109 694 1193 732 me
1221 694 1346 732 cum
1378 675 1544 734 fratre

209 753 641 810 communicatas
668 746 772 809 ess‘e
799 792 818 820 ,
873 756 928 807 &
957 751 1247 828 postquam
1292 771 1432 829 opus
1472 753 1544 810 ad

212 850 402 887 manus
431 848 575 886 meas
605 831 856 904 pervenit
883 874 907 896 ,
962 831 1494 888 nonnullas-insertas
1527 875 1541 894 ,

212 926 350 983 quas
380 905 528 964 haud
556 906 754 964 alienas
781 905 1034 964 instituto
1050 909 1380 980 judicabam.
1425 909 1548 965 Cur

211 985 357 1041 enim
389 981 740 1050 dissimulem,
770 986 924 1060 quod
956 983 1071 1060 ipse
1097 985 1133 1042 fi
1164 986 1220 1041 in
1247 985 1390 1042 vivis
1417 985 1549 1041 effer,

214 1058 565 1136 licuiffetque
613 1059 1002 1136 praefationem
1046 1062 1382 1135 conscribere
1410 1060 1551 1118 fate-

213 1152 359 1196 retur
378 1136 796 1214 ,inscriptiones
822 1143 878 1195 ὅτ
911 1137 1052 1216 alia,
1080 1140 1170 1198 vel
1195 1158 1263 1197 ex
1291 1138 1551 1196 sermoni-

213 1214 314 1273 bus
343 1213 432 1272 vel
475 1213 741 1273 librorum
765 1217 1115 1293 *marginibus
1133 1254 1156 1284 5
1191 1214 1452 1290 irrepfiffe
1492 1217 1551 1271 in

216 1292 327 1349 hoc
373 1311 513 1368 opus
554 1292 623 1348 de
662 1286 836 1349 n..'.o?
888 1293 936 1348 F
940 1294 1233 1349 ier1†·aliter
1262 1295 1360 1350 vix
1402 1291 1553 1368 posse

219 1369 407 1448 quivis
442 1369 706 1501 intelliigit
738 1401 757 1435 ,
822 1389 993 1444 quum
1039 1371 1090 1426 8<
1134 1371 1275 1427 inter
1314 1373 1555 1436 ειιῃίεοε,

222 1447 428 1505 nedum
461 1447 602 1501 inter
645 1459 805 1521 ratres
835 1447 1118 1521 qui-tanto
1145 1467 1340 1504 amore⁴
1359 1446 1411 1514 se
1437 1465 1556 1503 mu-

220 1540 322 1582 tuo
350 1516 628 1599 prosecuti
657 1519 781 1579 sunt
806 1544 869 1579 ac
899 1523 1002 1579 ulli
1028 1543 1288 1598 unquam,
1317 1525 1452 1582 alter
1479 1525 1558 1581 al-

221 1616 398 1658 terum
439 1598 717 1672 consulere
759 1594 923 1655 soleat
970 1603 1024 1654 &
1074 1599 1225 1675 quafi
1266 1604 1451 1658 lumen
1484 1600 1557 1659 de

218 1676 424 1735 lumine
453 1673 771 1731 accendere.
915 1746 920 1750 .
1062 1744 1068 1749 ἱ
1149 1743 1156 1748 ,

304 1754 437 1810 Hoc
463 1768 692 1827 quoque
718 1745 1011 1809 nonnullos
1039 1751 1262 1811 forfitan
1290 1751 1560 1822 offendet,

227 1828 384 1908 quod
423 1827 792 1904 inscriptiones
832 1831 1098 1888 adnotans
1125 1870 1142 1896 ,
1208 1851 1315 1887 non
1359 1832 1560 1890 Grute-

224 1928 345 1967 rum
368 1905 542 1963 modo
567 1917 660 1962 aut
681 1906 990 1984 Relinefium
1016 1909 1259 1966 auctores
1290 1911 1562 1975 nominet,

227 1986 321 2042 sed
364 1983 473 2041 illis
530 1978 705 2040 socios
753 1985 946 2059 jungat
999 1983 1271 2042 inferioris
1325 1986 1564 2044 subsellii

228 2063 522 2138 scriptores
546 2097 562 2125 ,
602 2059 959 2136 auctoresque
988 2064 1383 2137 itinerariorum
1415 2058 1563 2120 haud

230 2139 417 2216 magni
444 2138 692 2194 nominis.
773 2138 1071 2197 Sciendum
1101 2154 1280 2196 tamen
1308 2138 1385 2197 est
1418 2138 1565 2211 bono

231 2215 461 2273 consilio
498 2215 558 2271 id
597 2214 908 2290 praestitum
941 2238 951 2273 :
1022 2217 1125 2274 hac
1163 2219 1309 2274 enim
1351 2218 1566 2274 ratione

231 2291 470 2351 conferri
511 2312 705 2348 omnes
750 2293 969 2369 poffunt
1011 2296 1112 2370 qui
1153 2295 1222 2352 ad
1253 2293 1565 2352 illustratio-

232 2391 356 2429 nem
395 2371 591 2428 veteris
633 2368 749 2426 saxi
785 2391 1005 2446 operam
1050 2373 1403 2434 contulerunt
1429 2405 1456 2438 ·,
1508 2377 1566 2428 ὅτ.

234 2449 335 2524 ipsi
372 2447 452 2505 illi
484 2449 581 2522 qui
617 2447 719 2504 iter
761 2447 911 2507 suum
944 2449 1111 2507 literis
1153 2446 1567 2526 consignarunt,

233 2526 368 2585 licet
401 2527 641 2584 animum
672 2527 883 2585 nonita
919 2527 1191 2586 imbutum
1225 2526 1415 2585 studiis
1445 2525 1568 2582 lite-

1393 2620 1566 2665 rarum
