1612 2970
483 115 1292 190 PRAEFATIO..-

220 259 450 327 fecerint
494 278 643 326 anno
694 259 942 337 sequenti
980 276 1087 334 353
1119 296 1136 325 ‚
1189 256 1321 316 teste
1364 258 1558 319 Livio.

217 342 480 403 Ceterum
497 356 607 409 non
637 356 779 417 nego
796 338 1103 396 accuratius
1131 336 1306 413 loqui
1320 338 1558 413 potuiss'e

218 417 502 476 Zofimum
520 435 687 492 quam
713 416 1051 474 tribunatum
1067 413 1407 506 appellando
1421 433 1561 485 cou-¹

215 496 448 552 sulatum
466 498 520 550 &
547 493 805 558 κλισιεχῑοιν
836 513 982 560 cum
994 491 1180 554 Gnatam
1208 490 1558 553 confunden-

216 574 312 630 do,
391 569 717 630 Plutarchus
747 586 894 628 certe
922 571 993 628 de
1026 568 1273 627 Camillo
1304 568 1558 660 (quihoc

216 651 338 725 ipso
373 667 540 706 anno
551 647 779 724 collega
807 646 918 706 fuit
959 645 1182 721 Potiti)
1216 648 1271 703 in
1300 649 1418 719 vita
1442 650 1560 723 ejus

214 726 404 786 scribit
418 727 492 774 έὸἒ
516 723 642 784 ἅπαξ
666 725 897 775 duacum·
926 741 1164 784 attamen
1179 725 1429 791 tribunus
1441 723 1561 784 fue-

216 818 300 863 rat
328 802 596 867 consulari
618 801 924 878 potestate,
964 804 1047 860 uti
1077 806 1132 858 ὃς
1163 801 1401 860 Potitus.
1445 803 1561 863 Ve-

216 898 339 939 rum
366 879 588 929 ν’πεπεῦειν
614 882 778 938 etiam
797 880 1017 942 videtur
1045 880 1231 954 aliqua
1245 881 1456 939 ratione
1473 879 1560 936 di-

217 959 441 1031 ciposs‘e
459 959 563 1015 de
547 958 611 1021 lis
639 963 738 1033 qui
762 959 888 1016 vice
913 957 1198 1022 consulum
1215 973 1405 1024 erant,
1424 977 1560 1033 qua-

217 1036 297 1093 les
327 1024 534 1097 tribuni
562 1034 662 1093 illo
683 1050 952 1110 tempore
1000 1036 1120 1092 Ita
1149 1000 1442 1092 Praetores
1468 1053 1564 1091 ur-

218 1111 374 1177 bani,
419 1131 578 1190 quum
612 1117 745 1185 coff.
756 1113 1032 1180 aberant
1085 1113 1353 1186 consulare
1379 1130 1568 1169 munus

203 1190 535 1265 sustanebant
563 1229 584 1256 ‚
638 1192 716 1246 uti
764 1192 970 1247 Cicero
1010 1191 1262 1264 loquitur
1305 1190 1375 1247 ad
1404 1189 1569 1245 Plan-

221 1286 367 1326 cum.
451 1268 545 1331 Ita
605 1266 864 1341 praefecti
917 1265 1172 1323 feriarum
1245 1263 1564 1336 Latinarum

219 1343 398 1402 cauffa
412 1345 677 1418 conſstlare
692 1361 874 1398 munus
900 1345 1060 1417 ufhrp
1061 1341 1247 1399 abant.
1290 1342 1430 1412 Sunt
1447 1362 1566 1400 ver·-
1590 1410 1594 1414 ¹

220 1422 290 1477 ba
319 1422 515 1480 Taciti
542 1420 714 1482 annal
734 1419 829 1475 lib.
848 1436 940 1475 v1.
970 1438 1089 1506 cap.
1120 1437 1206 1477 11.
1242 1417 1341 1478 Sic
1358 1404 1564 1482 duum-

218 1498 327 1554 viri
354 1498 412 1556 in
442 1496 761 1560 civitatibus
781 1500 835 1551 &
868 1497 1188 1570 municipiis
1213 1480 1450 1550 ἀνθύπατοι
1471 1495 1566 1553 di.

220 1575 517 1640 cebantur,
556 1573 712 1648 quod
731 1574 856 1629 vice
877 1571 1160 1629 consulum
1191 1570 1379 1628 ess'ent.
1423 1573 1565 1630 Cer-

219 1665 277 1706 te
306 1651 587 1707 duumviri
620 1648 1230 1722 Constantinopolitani
1269 1669 1300 1705 a
1342 1649 1566 1707 Socrate

219 1728 299 1784 ita
327 1729 716 1804 appellantur.
773 1739 950 1802 quum
983 1726 1340 1784 Honoratum
1375 1742 1565 1784 narrat

293 1823 460 1862 rmum
501 1806 623 1862 urbi
664 1801 1155 1877 Constantinopoli
1188 1803 1249 1861 P.
1277 1803 1350 1861 V.
1377 1803 1567 1866 datum

218 1822 463 1938 {usebio
505 1887 559 1938 &
608 1883 696 1939 H
672 1881 867 1958 ypatio
897 1878 1231 1939 consulibuS.
1312 1882 1391 1943 At
1422 1882 1565 1956 quid

224 1958 469 2016 differt„
445 1957 665 2008 υπωτεόειν
672 1901 742 2014 Y8(
772 1956 1049 2014 consulare
1075 1976 1270 2015 munus
1287 1957 1566 2019 sustinere?

223 2035 278 2092 ἃ
320 2034 515 2092 titulus
543 2032 656 2107 ipse
683 2035 913 2092 tribunis
943 2035 1103 2093 datus
1131 2037 1451 2108 confitlarem
1465 2047 1564 2111 po-

215 2111 459 2186 testatem
478 2111 754 2188 arguebat.
775 2111 1031 2171 Viciffim
1047 2114 1117 2169 de
1142 2111 1434 2188 ‚praefecto
1440 2113 1566 2172 urbi

220 2189 408 2246 scribit
439 2189 533 2246 lib.
571 2207 702 2248 x1v.
737 2207 855 2263 cap.
888 2213 936 2264 5.
987 2192 1352 2255 Ammianus,
1414 2188 1566 2262 Orfi-

221 2277 337 2323 tum
360 2263 632 2344 praesedi
646 2266 905 2343 potestate
947 2264 1141 2344 rexiffe
1172 2268 1360 2329 urbem
1388 2278 1564 2328 aeten-

221 2363 390 2410 nam,
448 2343 605 2419 quod
641 2345 716 2401 nil
743 2343 818 2401 est
846 2346 998 2403 aliud
1022 2365 1186 2422 quam
1226 2343 1564 2432 praefefitum

222 2435 347 2483 eum
377 2389 557 2479 ’fuisse
601 2420 690 2480 Sic
725 2424 890 2513 primi
922 2425 1279 2499 Imperatores
1299 2421 1565 2486 Romani,
1608 2446 1611 2448 ’

221 2498 358 2557 licet
398 2516 596 2557 nomen
636 2504 847 2579 regium
887 2501 1373 2579 adspernarentur,
1425 2498 1564 2559 disti

1372 2593 1555 2636 tamen
