<?xml version="1.0" encoding="UTF-8"?>
<!DOCTYPE html PUBLIC "-//W3C//DTD XHTML 1.0 Transitional//EN"
    "http://www.w3.org/TR/xhtml1/DTD/xhtml1-transitional.dtd">
<html xmlns="http://www.w3.org/1999/xhtml" xml:lang="en" lang="en">
 <head>
  <title>
</title>
<meta http-equiv="Content-Type" content="text/html;charset=utf-8" />
  <meta name='ocr-system' content='tesseract 3.04.00' />
  <meta name='ocr-capabilities' content='ocr_page ocr_carea ocr_par ocr_line ocrx_word'/>
</head>
<body>
  <div class='ocr_page' id='page_1' title='image "./fasticonsularesa00rela_0636.png"; bbox 0 0 1586 2944; ppageno 0'>
   <div class='ocr_carea' id='block_1_1' title="bbox 112 98 1063 236">
    <p class='ocr_par' dir='ltr' id='par_1_1' title="bbox 112 98 1063 234">
     <span class='ocr_line' id='line_1_1' title="bbox 119 98 1063 203; baseline -0.004 -27"><span class='ocrx_word' id='word_1_1' title='bbox 119 98 287 203; x_wconf 25' lang='lat'>5⁷01*</span> <span class='ocrx_word' id='word_1_2' title='bbox 542 120 614 184; x_wconf 73' lang='lat' dir='ltr'>F:</span> <span class='ocrx_word' id='word_1_3' title='bbox 676 119 726 177; x_wconf 79' lang='lat' dir='ltr'>A</span> <span class='ocrx_word' id='word_1_4' title='bbox 791 117 953 177; x_wconf 52' lang='grc' dir='ltr'>ενι·</span> <span class='ocrx_word' id='word_1_5' title='bbox 1015 119 1063 173; x_wconf 68' lang='grc' dir='ltr'>ι14</span> 
     </span>
     <span class='ocr_line' id='line_1_2' title="bbox 112 200 379 236; baseline 0.013 -5"><span class='ocrx_word' id='word_1_6' title='bbox 112 201 245 233; x_wconf 56' lang='grc' dir='ltr'><strong>ΑΗΠΟ.</strong></span> <span class='ocrx_word' id='word_1_7' title='bbox 304 200 379 236; x_wconf 80' lang='lat' dir='ltr'>Chr.</span> 
     </span>
    </p>
   </div>
   <div class='ocr_carea' id='block_1_2' title="bbox 128 279 249 287">
    <p class='ocr_par' dir='ltr' id='par_1_2' title="bbox 128 279 249 287">
     <span class='ocr_line' id='line_1_3' title="bbox 128 279 249 287; baseline 0 2657"><span class='ocrx_word' id='word_1_8' title='bbox 128 279 249 287; x_wconf 95' lang='lat' dir='ltr'> </span> 
     </span>
    </p>
   </div>
   <div class='ocr_carea' id='block_1_3' title="bbox 120 319 1475 670">
    <p class='ocr_par' dir='ltr' id='par_1_3' title="bbox 120 319 1459 670">
     <span class='ocr_line' id='line_1_4' title="bbox 120 319 1425 392; baseline 0.008 -22"><span class='ocrx_word' id='word_1_9' title='bbox 120 319 245 386; x_wconf 82' lang='lat'>1165</span> <span class='ocrx_word' id='word_1_10' title='bbox 285 335 380 389; x_wconf 86' lang='lat'>413</span> <span class='ocrx_word' id='word_1_11' title='bbox 438 327 470 379; x_wconf 92' lang='lat' dir='ltr'>l.</span> <span class='ocrx_word' id='word_1_12' title='bbox 484 344 566 382; x_wconf 90' lang='lat' dir='ltr'>un.</span> <span class='ocrx_word' id='word_1_13' title='bbox 577 326 640 378; x_wconf 91' lang='lat' dir='ltr'>C</span> <span class='ocrx_word' id='word_1_14' title='bbox 651 326 943 380; x_wconf 84' lang='lat' dir='ltr'>decomitib.</span> <span class='ocrx_word' id='word_1_15' title='bbox 948 327 1014 387; x_wconf 66' lang='lat'>2&amp;</span> <span class='ocrx_word' id='word_1_16' title='bbox 1027 325 1206 392; x_wconf 76' lang='lat' dir='ltr'>tribu-n.</span> <span class='ocrx_word' id='word_1_17' title='bbox 1222 326 1425 381; x_wconf 82' lang='lat' dir='ltr'>scholar.</span> 
     </span>
     <span class='ocr_line' id='line_1_5' title="bbox 438 395 1294 448; baseline 0.001 -2"><span class='ocrx_word' id='word_1_18' title='bbox 438 395 470 447; x_wconf 89' lang='lat' dir='ltr'>l.</span> <span class='ocrx_word' id='word_1_19' title='bbox 486 413 534 448; x_wconf 89' lang='lat'>2.</span> <span class='ocrx_word' id='word_1_20' title='bbox 550 397 610 447; x_wconf 94' lang='lat' dir='ltr'>C.</span> <span class='ocrx_word' id='word_1_21' title='bbox 630 397 690 446; x_wconf 89' lang='lat' dir='ltr'>de</span> <span class='ocrx_word' id='word_1_22' title='bbox 706 395 927 447; x_wconf 83' lang='lat' dir='ltr'>comitib</span> <span class='ocrx_word' id='word_1_23' title='bbox 942 396 1010 445; x_wconf 84' lang='lat' dir='ltr'>rei</span> <span class='ocrx_word' id='word_1_24' title='bbox 1030 395 1221 447; x_wconf 78' lang='lat' dir='ltr'>militar.</span> <span class='ocrx_word' id='word_1_25' title='bbox 1283 431 1294 438; x_wconf 86' lang='lat'><strong>·</strong></span> 
     </span>
     <span class='ocr_line' id='line_1_6' title="bbox 438 461 1475 536; baseline 0.001 -20"><span class='ocrx_word' id='word_1_26' title='bbox 438 464 467 516; x_wconf 91' lang='lat'>1.</span> <span class='ocrx_word' id='word_1_27' title='bbox 485 481 569 518; x_wconf 88' lang='lat' dir='ltr'>un.</span> <span class='ocrx_word' id='word_1_28' title='bbox 582 465 650 516; x_wconf 94' lang='lat' dir='ltr'>C.</span> <span class='ocrx_word' id='word_1_29' title='bbox 662 465 722 515; x_wconf 88' lang='lat' dir='ltr'>de</span> <span class='ocrx_word' id='word_1_30' title='bbox 734 464 951 517; x_wconf 83' lang='lat' dir='ltr'>comitib</span> <span class='ocrx_word' id='word_1_31' title='bbox 966 461 1249 521; x_wconf 60' lang='lat' dir='ltr'>&amp;archiam</span> <span class='ocrx_word' id='word_1_32' title='bbox 1264 465 1310 516; x_wconf 90' lang='lat' dir='ltr'>S.</span> <span class='ocrx_word' id='word_1_33' title='bbox 1322 464 1475 536; x_wconf 44' lang='lat' dir='ltr'>[Palat-</span> 
     </span>
     <span class='ocr_line' id='line_1_7' title="bbox 438 530 1387 607; baseline -0.001 -24"><span class='ocrx_word' id='word_1_34' title='bbox 438 532 471 584; x_wconf 91' lang='lat' dir='ltr'>l.</span> <span class='ocrx_word' id='word_1_35' title='bbox 484 551 567 584; x_wconf 89' lang='lat' dir='ltr'>un.</span> <span class='ocrx_word' id='word_1_36' title='bbox 585 534 646 584; x_wconf 90' lang='lat' dir='ltr'>C.</span> <span class='ocrx_word' id='word_1_37' title='bbox 660 535 719 584; x_wconf 87' lang='lat' dir='ltr'>de</span> <span class='ocrx_word' id='word_1_38' title='bbox 738 531 954 584; x_wconf 87' lang='lat' dir='ltr'>comitib.</span> <span class='ocrx_word' id='word_1_39' title='bbox 971 548 1020 598; x_wconf 88' lang='lat' dir='ltr'>q.</span> <span class='ocrx_word' id='word_1_40' title='bbox 1038 530 1253 606; x_wconf 84' lang='lat' dir='ltr'>provinc.</span> <span class='ocrx_word' id='word_1_41' title='bbox 1265 545 1387 607; x_wconf 84' lang='lat' dir='ltr'>reg.</span> 
     </span>
     <span class='ocr_line' id='line_1_8' title="bbox 438 598 1192 670; baseline -0.003 -19"><span class='ocrx_word' id='word_1_42' title='bbox 438 602 469 652; x_wconf 88' lang='lat'>1</span> <span class='ocrx_word' id='word_1_43' title='bbox 491 618 531 667; x_wconf 87' lang='lat'>5.</span> <span class='ocrx_word' id='word_1_44' title='bbox 550 601 611 652; x_wconf 88' lang='lat' dir='ltr'>C.</span> <span class='ocrx_word' id='word_1_45' title='bbox 624 601 683 654; x_wconf 87' lang='lat' dir='ltr'>de</span> <span class='ocrx_word' id='word_1_46' title='bbox 699 601 904 670; x_wconf 80' lang='lat' dir='ltr'>pioxim.</span> <span class='ocrx_word' id='word_1_47' title='bbox 916 601 960 652; x_wconf 91' lang='lat' dir='ltr'>S.</span> <span class='ocrx_word' id='word_1_48' title='bbox 976 598 1192 651; x_wconf 86' lang='lat' dir='ltr'>scrinior.</span> 
     </span>
    </p>
   </div>
   <div class='ocr_carea' id='block_1_4' title="bbox 438 707 1390 890">
    <p class='ocr_par' dir='ltr' id='par_1_4' title="bbox 438 707 1350 890">
     <span class='ocr_line' id='line_1_9' title="bbox 594 707 1141 780; baseline -0.007 -13"><span class='ocrx_word' id='word_1_49' title='bbox 594 707 762 768; x_wconf 86' lang='lat' dir='ltr'>Lucio</span> <span class='ocrx_word' id='word_1_50' title='bbox 789 710 858 768; x_wconf 92' lang='lat' dir='ltr'>V.</span> <span class='ocrx_word' id='word_1_51' title='bbox 887 708 945 770; x_wconf 89' lang='lat' dir='ltr'>C.</span> <span class='ocrx_word' id='word_1_52' title='bbox 974 708 1141 780; x_wconf 80' lang='lat' dir='ltr'>Conffi</span> 
     </span>
     <span class='ocr_line' id='line_1_10' title="bbox 438 817 1390 890; baseline 0 -21"><span class='ocrx_word' id='word_1_53' title='bbox 438 819 468 869; x_wconf 91' lang='lat' dir='ltr'>l.</span> <span class='ocrx_word' id='word_1_54' title='bbox 483 837 564 873; x_wconf 91' lang='lat'>20.</span> <span class='ocrx_word' id='word_1_55' title='bbox 576 823 638 875; x_wconf 90' lang='lat' dir='ltr'>C.</span> <span class='ocrx_word' id='word_1_56' title='bbox 650 824 847 878; x_wconf 88' lang='lat' dir='ltr'>Theod.</span> <span class='ocrx_word' id='word_1_57' title='bbox 861 823 919 874; x_wconf 91' lang='lat' dir='ltr'>de</span> <span class='ocrx_word' id='word_1_58' title='bbox 935 821 1070 890; x_wconf 80' lang='lat' dir='ltr'>palat.</span> <span class='ocrx_word' id='word_1_59' title='bbox 1082 819 1194 872; x_wconf 68' lang='lat' dir='ltr'>fier.</span> <span class='ocrx_word' id='word_1_60' title='bbox 1207 817 1390 889; x_wconf 80' lang='lat' dir='ltr'>largit.</span> 
     </span>
    </p>
   </div>
   <div class='ocr_carea' id='block_1_5' title="bbox 437 888 1519 1294">
    <p class='ocr_par' dir='ltr' id='par_1_5' title="bbox 439 888 1130 945">
     <span class='ocr_line' id='line_1_11' title="bbox 439 888 1130 945; baseline 0.003 -9"><span class='ocrx_word' id='word_1_61' title='bbox 439 889 467 937; x_wconf 85' lang='lat' dir='ltr'>l.</span> <span class='ocrx_word' id='word_1_62' title='bbox 490 906 563 941; x_wconf 92' lang='lat'>10.</span> <span class='ocrx_word' id='word_1_63' title='bbox 603 933 612 942; x_wconf 94' lang='lat'>.</span> <span class='ocrx_word' id='word_1_64' title='bbox 684 934 695 943; x_wconf 95' lang='lat'>.</span> <span class='ocrx_word' id='word_1_65' title='bbox 768 934 779 945; x_wconf 89' lang='lat'>.</span> <span class='ocrx_word' id='word_1_66' title='bbox 837 891 909 942; x_wconf 92' lang='lat' dir='ltr'>de</span> <span class='ocrx_word' id='word_1_67' title='bbox 929 888 1130 940; x_wconf 85' lang='lat' dir='ltr'>metatis</span> 
     </span>
    </p>

    <p class='ocr_par' dir='ltr' id='par_1_6' title="bbox 438 954 1519 1162">
     <span class='ocr_line' id='line_1_12' title="bbox 438 954 1519 1010; baseline 0.003 -5"><span class='ocrx_word' id='word_1_68' title='bbox 438 958 561 1007; x_wconf 88' lang='lat'>1.16.</span> <span class='ocrx_word' id='word_1_69' title='bbox 679 998 691 1010; x_wconf 89' lang='lat'>.</span> <span class='ocrx_word' id='word_1_70' title='bbox 762 1000 773 1010; x_wconf 86' lang='lat'>.</span> <span class='ocrx_word' id='word_1_71' title='bbox 842 959 904 1009; x_wconf 89' lang='lat' dir='ltr'>de</span> <span class='ocrx_word' id='word_1_72' title='bbox 937 955 1215 1008; x_wconf 69' lang='lat' dir='ltr'>desentorib.</span> <span class='ocrx_word' id='word_1_73' title='bbox 1247 954 1299 1006; x_wconf 87' lang='lat'>&amp;</span> <span class='ocrx_word' id='word_1_74' title='bbox 1338 956 1519 1010; x_wconf 87' lang='lat' dir='ltr'>occult.</span> 
     </span>
     <span class='ocr_line' id='line_1_13' title="bbox 438 1041 1233 1162; baseline -0.001 -20"><span class='ocrx_word' id='word_1_75' title='bbox 438 1092 468 1143; x_wconf 93' lang='lat' dir='ltr'>l.</span> <span class='ocrx_word' id='word_1_76' title='bbox 489 1101 651 1162; x_wconf 92' lang='lat'>176..</span> <span class='ocrx_word' id='word_1_77' title='bbox 725 1135 736 1146; x_wconf 86' lang='lat'>.</span> <span class='ocrx_word' id='word_1_78' title='bbox 808 1041 1233 1144; x_wconf 48' lang='lat' dir='ltr'>,deiiierc&#39;urionih</span> 
     </span>
    </p>

    <p class='ocr_par' dir='ltr' id='par_1_7' title="bbox 438 1157 1144 1231">
     <span class='ocr_line' id='line_1_14' title="bbox 438 1157 1144 1231; baseline -0.006 -20"><span class='ocrx_word' id='word_1_79' title='bbox 438 1162 468 1211; x_wconf 92' lang='lat' dir='ltr'>l.</span> <span class='ocrx_word' id='word_1_80' title='bbox 491 1179 565 1231; x_wconf 72' lang='lat'>¹3·</span> <span class='ocrx_word' id='word_1_81' title='bbox 775 1202 784 1211; x_wconf 93' lang='lat'>.</span> <span class='ocrx_word' id='word_1_82' title='bbox 854 1161 914 1210; x_wconf 87' lang='lat' dir='ltr'>de</span> <span class='ocrx_word' id='word_1_83' title='bbox 930 1157 1144 1210; x_wconf 88' lang='lat' dir='ltr'>scenicis.</span> 
     </span>
    </p>

    <p class='ocr_par' dir='ltr' id='par_1_8' title="bbox 437 1228 994 1294">
     <span class='ocr_line' id='line_1_15' title="bbox 437 1228 994 1294; baseline -0.006 -14"><span class='ocrx_word' id='word_1_84' title='bbox 437 1231 464 1280; x_wconf 90' lang='lat'>1.</span> <span class='ocrx_word' id='word_1_85' title='bbox 483 1247 520 1294; x_wconf 87' lang='lat'>5.</span> <span class='ocrx_word' id='word_1_86' title='bbox 534 1231 595 1280; x_wconf 93' lang='lat' dir='ltr'>C.</span> <span class='ocrx_word' id='word_1_87' title='bbox 610 1231 671 1280; x_wconf 89' lang='lat' dir='ltr'>de</span> <span class='ocrx_word' id='word_1_88' title='bbox 687 1228 874 1280; x_wconf 81' lang='lat' dir='ltr'>metatis</span> <span class='ocrx_word' id='word_1_89' title='bbox 896 1228 994 1278; x_wconf 71' lang='grc' dir='ltr'>διε.</span> 
     </span>
    </p>
   </div>
   <div class='ocr_carea' id='block_1_6' title="bbox 511 1313 1502 1476">
    <p class='ocr_par' dir='ltr' id='par_1_9' title="bbox 511 1313 1502 1471">
     <span class='ocr_line' id='line_1_16' title="bbox 511 1313 1461 1398; baseline -0.004 -19"><span class='ocrx_word' id='word_1_90' title='bbox 511 1320 641 1398; x_wconf 77' lang='lat' dir='ltr'>Post</span> <span class='ocrx_word' id='word_1_91' title='bbox 669 1323 806 1394; x_wconf 86' lang='lat' dir='ltr'>cons</span> <span class='ocrx_word' id='word_1_92' title='bbox 748 1319 990 1394; x_wconf 78' lang='lat' dir='ltr'>sttlatum</span> <span class='ocrx_word' id='word_1_93' title='bbox 1018 1316 1246 1377; x_wconf 84' lang='lat' dir='ltr'>Honorii</span> <span class='ocrx_word' id='word_1_94' title='bbox 1263 1313 1461 1380; x_wconf 92' lang='lat' dir='ltr'>VIIII.</span> 
     </span>
     <span class='ocr_line' id='line_1_17' title="bbox 625 1395 1502 1476; baseline -0.008 -18"><span class='ocrx_word' id='word_1_95' title='bbox 625 1397 684 1458; x_wconf 63' lang='lat'>65</span> <span class='ocrx_word' id='word_1_96' title='bbox 710 1395 967 1473; x_wconf 84' lang='lat' dir='ltr'>Theodosi</span> <span class='ocrx_word' id='word_1_97' title='bbox 992 1395 1061 1453; x_wconf 93' lang='lat' dir='ltr'>V.</span> <span class='ocrx_word' id='word_1_98' title='bbox 1082 1395 1226 1476; x_wconf 90' lang='lat' dir='ltr'>AA.</span> <span class='ocrx_word' id='word_1_99' title='bbox 1341 1428 1343 1431; x_wconf 94' lang='lat'>·</span> <span class='ocrx_word' id='word_1_100' title='bbox 1497 1437 1502 1444; x_wconf 79' lang='grc'>.</span> 
     </span>
    </p>
   </div>
   <div class='ocr_carea' id='block_1_7' title="bbox 434 1507 1232 1643">
    <p class='ocr_par' dir='ltr' id='par_1_10' title="bbox 434 1507 1232 1643">
     <span class='ocr_line' id='line_1_18' title="bbox 434 1507 1232 1564; baseline -0.003 -2"><span class='ocrx_word' id='word_1_101' title='bbox 434 1511 524 1564; x_wconf 84' lang='grc'><strong>1.6.</strong></span> <span class='ocrx_word' id='word_1_102' title='bbox 540 1511 602 1560; x_wconf 89' lang='lat' dir='ltr'>C.</span> <span class='ocrx_word' id='word_1_103' title='bbox 615 1510 815 1562; x_wconf 87' lang='lat' dir='ltr'>Theod.</span> <span class='ocrx_word' id='word_1_104' title='bbox 828 1512 886 1562; x_wconf 90' lang='lat' dir='ltr'>de</span> <span class='ocrx_word' id='word_1_105' title='bbox 899 1507 1032 1561; x_wconf 79' lang='lat' dir='ltr'>inoff</span> <span class='ocrx_word' id='word_1_106' title='bbox 1045 1507 1232 1560; x_wconf 85' lang='lat' dir='ltr'>testam.</span> 
     </span>
     <span class='ocr_line' id='line_1_19' title="bbox 436 1579 995 1643; baseline -0.005 -14"><span class='ocrx_word' id='word_1_107' title='bbox 436 1581 465 1630; x_wconf 94' lang='lat' dir='ltr'>l.</span> <span class='ocrx_word' id='word_1_108' title='bbox 484 1598 561 1643; x_wconf 88' lang='lat'>19.</span> <span class='ocrx_word' id='word_1_109' title='bbox 577 1580 638 1629; x_wconf 93' lang='lat' dir='ltr'>C.</span> <span class='ocrx_word' id='word_1_110' title='bbox 652 1580 713 1628; x_wconf 88' lang='lat' dir='ltr'>de</span> <span class='ocrx_word' id='word_1_111' title='bbox 727 1579 995 1630; x_wconf 81' lang='lat' dir='ltr'>testament.</span> 
     </span>
    </p>
   </div>
   <div class='ocr_carea' id='block_1_8' title="bbox 435 1645 1149 1784">
    <p class='ocr_par' dir='ltr' id='par_1_11' title="bbox 435 1645 1149 1784">
     <span class='ocr_line' id='line_1_20' title="bbox 435 1645 1149 1714; baseline 0 -16"><span class='ocrx_word' id='word_1_112' title='bbox 435 1648 467 1698; x_wconf 93' lang='lat' dir='ltr'>l.</span> <span class='ocrx_word' id='word_1_113' title='bbox 486 1665 560 1700; x_wconf 90' lang='lat'>10.</span> <span class='ocrx_word' id='word_1_114' title='bbox 578 1648 638 1698; x_wconf 92' lang='lat' dir='ltr'>C.</span> <span class='ocrx_word' id='word_1_115' title='bbox 656 1647 716 1698; x_wconf 87' lang='lat' dir='ltr'>de</span> <span class='ocrx_word' id='word_1_116' title='bbox 728 1648 923 1698; x_wconf 78' lang='lat' dir='ltr'>Palatio.</span> <span class='ocrx_word' id='word_1_117' title='bbox 940 1647 973 1699; x_wconf 86' lang='lat' dir='ltr'>s.</span> <span class='ocrx_word' id='word_1_118' title='bbox 991 1645 1149 1714; x_wconf 81' lang='lat' dir='ltr'>largit.</span> 
     </span>
     <span class='ocr_line' id='line_1_21' title="bbox 435 1716 908 1784; baseline -0.004 -18"><span class='ocrx_word' id='word_1_119' title='bbox 435 1717 467 1766; x_wconf 92' lang='lat' dir='ltr'>l.</span> <span class='ocrx_word' id='word_1_120' title='bbox 485 1729 530 1784; x_wconf 82' lang='lat'>3.</span> <span class='ocrx_word' id='word_1_121' title='bbox 545 1716 606 1766; x_wconf 85' lang='lat' dir='ltr'>de</span> <span class='ocrx_word' id='word_1_122' title='bbox 618 1730 908 1767; x_wconf 88' lang='lat' dir='ltr'>commeatu.</span> 
     </span>
    </p>
   </div>
   <div class='ocr_carea' id='block_1_9' title="bbox 509 1799 1480 1942">
    <p class='ocr_par' dir='ltr' id='par_1_12' title="bbox 509 1799 1480 1942">
     <span class='ocr_line' id='line_1_22' title="bbox 509 1799 1480 1880; baseline -0.005 -14"><span class='ocrx_word' id='word_1_123' title='bbox 509 1805 632 1880; x_wconf 87' lang='lat' dir='ltr'>Post</span> <span class='ocrx_word' id='word_1_124' title='bbox 658 1805 978 1874; x_wconf 69' lang='lat' dir='ltr'>confitlatum</span> <span class='ocrx_word' id='word_1_125' title='bbox 1005 1801 1233 1860; x_wconf 82' lang='lat' dir='ltr'>Honorii</span> <span class='ocrx_word' id='word_1_126' title='bbox 1259 1799 1425 1861; x_wconf 90' lang='lat' dir='ltr'>VIII.</span> <span class='ocrx_word' id='word_1_127' title='bbox 1477 1862 1480 1864; x_wconf 71' lang='grc'>,</span> 
     </span>
     <span class='ocr_line' id='line_1_23' title="bbox 629 1879 1166 1942; baseline -0.009 0"><span class='ocrx_word' id='word_1_128' title='bbox 629 1881 688 1942; x_wconf 64' lang='lat'>{5</span> <span class='ocrx_word' id='word_1_129' title='bbox 719 1880 902 1940; x_wconf 77' lang='lat' dir='ltr'>Yheod.</span> <span class='ocrx_word' id='word_1_130' title='bbox 935 1882 1001 1939; x_wconf 92' lang='lat' dir='ltr'>V.</span> <span class='ocrx_word' id='word_1_131' title='bbox 1033 1879 1166 1938; x_wconf 87' lang='lat' dir='ltr'>AA.</span> 
     </span>
    </p>
   </div>
   <div class='ocr_carea' id='block_1_10' title="bbox 437 1999 1517 2135">
    <p class='ocr_par' dir='ltr' id='par_1_13' title="bbox 437 1999 1517 2135">
     <span class='ocr_line' id='line_1_24' title="bbox 437 1999 1515 2069; baseline -0.001 -16"><span class='ocrx_word' id='word_1_132' title='bbox 437 2001 657 2069; x_wconf 82' lang='lat' dir='ltr'>Prosper.</span> <span class='ocrx_word' id='word_1_133' title='bbox 707 2004 818 2049; x_wconf 87' lang='lat' dir='ltr'>Luci</span> <span class='ocrx_word' id='word_1_134' title='bbox 802 2018 895 2049; x_wconf 79' lang='lat' dir='ltr'>zano</span> <span class='ocrx_word' id='word_1_135' title='bbox 943 2017 991 2047; x_wconf 75' lang='lat' dir='ltr'>vt</span> <span class='ocrx_word' id='word_1_136' title='bbox 994 2017 1038 2046; x_wconf 87' lang='lat' dir='ltr'>ro</span> <span class='ocrx_word' id='word_1_137' title='bbox 1070 1999 1299 2067; x_wconf 82' lang='lat' dir='ltr'>clariffimo</span> <span class='ocrx_word' id='word_1_138' title='bbox 1339 2005 1515 2068; x_wconf 75' lang='lat' dir='ltr'>consule.</span> 
     </span>
     <span class='ocr_line' id='line_1_25' title="bbox 502 2070 1517 2135; baseline 0.003 -17"><span class='ocrx_word' id='word_1_139' title='bbox 502 2073 650 2135; x_wconf 73' lang='lat' dir='ltr'>Hujus</span> <span class='ocrx_word' id='word_1_140' title='bbox 693 2071 840 2135; x_wconf 81' lang='lat' dir='ltr'>collega</span> <span class='ocrx_word' id='word_1_141' title='bbox 874 2074 919 2115; x_wconf 81' lang='lat' dir='ltr'>in</span> <span class='ocrx_word' id='word_1_142' title='bbox 962 2085 1006 2114; x_wconf 92' lang='lat' dir='ltr'>co</span> <span class='ocrx_word' id='word_1_143' title='bbox 1009 2070 1078 2129; x_wconf 87' lang='lat' dir='ltr'>ns</span> <span class='ocrx_word' id='word_1_144' title='bbox 1080 2071 1172 2117; x_wconf 76' lang='lat' dir='ltr'>latu</span> <span class='ocrx_word' id='word_1_145' title='bbox 1219 2072 1517 2122; x_wconf 67' lang='lat' dir='ltr'>Heraclianus</span> 
     </span>
    </p>
   </div>
   <div class='ocr_carea' id='block_1_11' title="bbox 435 2135 1516 2476">
    <p class='ocr_par' dir='ltr' id='par_1_14' title="bbox 435 2135 1516 2476">
     <span class='ocr_line' id='line_1_26' title="bbox 490 2135 1516 2204; baseline 0.004 -18"><span class='ocrx_word' id='word_1_146' title='bbox 490 2139 545 2202; x_wconf 81' lang='lat' dir='ltr'>fu</span> <span class='ocrx_word' id='word_1_147' title='bbox 518 2143 611 2194; x_wconf 79' lang='lat' dir='ltr'>uit,</span> <span class='ocrx_word' id='word_1_148' title='bbox 661 2156 732 2204; x_wconf 83' lang='lat' dir='ltr'>qm</span> <span class='ocrx_word' id='word_1_149' title='bbox 717 2155 805 2184; x_wconf 77' lang='lat' dir='ltr'>tm</span> <span class='ocrx_word' id='word_1_150' title='bbox 811 2154 1009 2185; x_wconf 74' lang='lat' dir='ltr'>varumz</span> <span class='ocrx_word' id='word_1_151' title='bbox 994 2142 1041 2183; x_wconf 76' lang='lat' dir='ltr'>in</span> <span class='ocrx_word' id='word_1_152' title='bbox 1071 2135 1238 2200; x_wconf 82' lang='lat' dir='ltr'>Africa</span> <span class='ocrx_word' id='word_1_153' title='bbox 1260 2156 1401 2189; x_wconf 79' lang='lat' dir='ltr'>rerum</span> <span class='ocrx_word' id='word_1_154' title='bbox 1421 2157 1516 2191; x_wconf 80' lang='lat' dir='ltr'>reus</span> 
     </span>
     <span class='ocr_line' id='line_1_27' title="bbox 507 2206 1206 2271; baseline -0.001 -16"><span class='ocrx_word' id='word_1_155' title='bbox 507 2216 573 2261; x_wconf 68' lang='lat' dir='ltr'>O·</span> <span class='ocrx_word' id='word_1_156' title='bbox 594 2206 742 2255; x_wconf 82' lang='lat' dir='ltr'>honore</span> <span class='ocrx_word' id='word_1_157' title='bbox 721 2224 786 2253; x_wconf 84' lang='lat' dir='ltr'>em</span> <span class='ocrx_word' id='word_1_158' title='bbox 807 2224 877 2253; x_wconf 85' lang='lat' dir='ltr'>am</span> <span class='ocrx_word' id='word_1_159' title='bbox 881 2207 944 2271; x_wconf 82' lang='lat' dir='ltr'>ifit</span> <span class='ocrx_word' id='word_1_160' title='bbox 966 2214 1031 2253; x_wconf 68' lang='lat'>(9⁶</span> <span class='ocrx_word' id='word_1_161' title='bbox 1053 2210 1206 2257; x_wconf 84' lang='lat' dir='ltr'>vitam.</span> 
     </span>
     <span class='ocr_line' id='line_1_28' title="bbox 436 2267 1156 2337; baseline -0.007 -12"><span class='ocrx_word' id='word_1_162' title='bbox 436 2267 766 2326; x_wconf 85' lang='lat' dir='ltr'>Marcellinus.</span> <span class='ocrx_word' id='word_1_163' title='bbox 803 2276 872 2320; x_wconf 76' lang='lat' dir='ltr'>Lu</span> <span class='ocrx_word' id='word_1_164' title='bbox 848 2291 934 2321; x_wconf 64' lang='grc' dir='ltr'>πονο</span> <span class='ocrx_word' id='word_1_165' title='bbox 945 2274 1038 2334; x_wconf 87' lang='lat' dir='ltr'>solo</span> <span class='ocrx_word' id='word_1_166' title='bbox 1065 2278 1156 2337; x_wconf 86' lang='lat' dir='ltr'>cof</span> 
     </span>
     <span class='ocr_line' id='line_1_29' title="bbox 435 2341 1515 2402; baseline 0.002 -10"><span class='ocrx_word' id='word_1_167' title='bbox 435 2343 720 2394; x_wconf 82' lang='lat' dir='ltr'>Laterculus</span> <span class='ocrx_word' id='word_1_168' title='bbox 736 2341 1089 2402; x_wconf 77' lang='lat' dir='ltr'>colbertinus,</span> <span class='ocrx_word' id='word_1_169' title='bbox 1125 2343 1262 2392; x_wconf 72' lang='lat' dir='ltr'>Lucio</span> <span class='ocrx_word' id='word_1_170' title='bbox 1282 2345 1335 2394; x_wconf 90' lang='lat' dir='ltr'>V.</span> <span class='ocrx_word' id='word_1_171' title='bbox 1362 2350 1409 2394; x_wconf 91' lang='lat' dir='ltr'>C.</span> <span class='ocrx_word' id='word_1_172' title='bbox 1433 2362 1515 2395; x_wconf 84' lang='lat' dir='ltr'>cos.</span> 
     </span>
     <span class='ocr_line' id='line_1_30' title="bbox 438 2411 1514 2476; baseline 0.003 -15"><span class='ocrx_word' id='word_1_173' title='bbox 438 2412 504 2462; x_wconf 85' lang='lat' dir='ltr'>lta</span> <span class='ocrx_word' id='word_1_174' title='bbox 529 2411 579 2460; x_wconf 88' lang='lat'>&amp;</span> <span class='ocrx_word' id='word_1_175' title='bbox 614 2411 801 2460; x_wconf 87' lang='lat' dir='ltr'>Chron.</span> <span class='ocrx_word' id='word_1_176' title='bbox 837 2412 970 2461; x_wconf 83' lang='lat' dir='ltr'>Alex.</span> <span class='ocrx_word' id='word_1_177' title='bbox 1007 2420 1094 2458; x_wconf 67' lang='grc' dir='ltr'>Λεκ</span> <span class='ocrx_word' id='word_1_178' title='bbox 1069 2413 1133 2458; x_wconf 75' lang='grc' dir='ltr'><strong>κέ</strong></span> <span class='ocrx_word' id='word_1_179' title='bbox 1165 2411 1280 2476; x_wconf 70' lang='grc' dir='ltr'>μόνε.</span> <span class='ocrx_word' id='word_1_180' title='bbox 1328 2411 1379 2465; x_wconf 87' lang='lat'>&amp;</span> <span class='ocrx_word' id='word_1_181' title='bbox 1407 2413 1514 2465; x_wconf 84' lang='lat' dir='ltr'>fasti</span> 
     </span>
    </p>
   </div>
   <div class='ocr_carea' id='block_1_12' title="bbox 502 2476 1511 2624">
    <p class='ocr_par' dir='ltr' id='par_1_15' title="bbox 502 2476 1511 2624">
     <span class='ocr_line' id='line_1_31' title="bbox 502 2476 1298 2548; baseline 0 -17"><span class='ocrx_word' id='word_1_182' title='bbox 502 2478 637 2531; x_wconf 89' lang='lat' dir='ltr'>Flor.</span> <span class='ocrx_word' id='word_1_183' title='bbox 654 2478 764 2546; x_wconf 81' lang='lat' dir='ltr'>maj.</span> <span class='ocrx_word' id='word_1_184' title='bbox 792 2483 922 2530; x_wconf 74' lang='grc' dir='ltr'><strong>Λεκιέ</strong></span> <span class='ocrx_word' id='word_1_185' title='bbox 946 2476 975 2535; x_wconf 71' lang='grc' dir='ltr'>Ξ</span> <span class='ocrx_word' id='word_1_186' title='bbox 997 2480 1298 2548; x_wconf 59' lang='grc' dir='ltr'>λαμπροτάτη.</span> 
     </span>
     <span class='ocr_line' id='line_1_32' title="bbox 1383 2570 1511 2624; baseline -0.023 0"><span class='ocrx_word' id='word_1_187' title='bbox 1383 2570 1511 2624; x_wconf 87' lang='lat' dir='ltr'>Fasti</span> 
     </span>
    </p>
   </div>
  </div>
 </body>
</html>
