<?xml version="1.0" encoding="UTF-8"?>
<!DOCTYPE html PUBLIC "-//W3C//DTD XHTML 1.0 Transitional//EN"
    "http://www.w3.org/TR/xhtml1/DTD/xhtml1-transitional.dtd">
<html xmlns="http://www.w3.org/1999/xhtml" xml:lang="en" lang="en">
 <head>
  <title>
</title>
<meta http-equiv="Content-Type" content="text/html;charset=utf-8" />
  <meta name='ocr-system' content='tesseract 3.04.00' />
  <meta name='ocr-capabilities' content='ocr_page ocr_carea ocr_par ocr_line ocrx_word'/>
</head>
<body>
  <div class='ocr_page' id='page_1' title='image "./fasticonsularesa00rela_0926.png"; bbox 0 0 1578 2918; ppageno 0'>
   <div class='ocr_carea' id='block_1_1' title="bbox 103 122 222 257">
    <p class='ocr_par' dir='ltr' id='par_1_1' title="bbox 103 122 222 257">
     <span class='ocr_line' id='line_1_1' title="bbox 103 122 202 204; baseline -0.03 0"><span class='ocrx_word' id='word_1_1' title='bbox 103 122 202 204; x_wconf 59' lang='lat'><strong>850</strong></span> 
     </span>
     <span class='ocr_line' id='line_1_2' title="bbox 104 221 222 257; baseline -0.042 0"><span class='ocrx_word' id='word_1_2' title='bbox 104 226 150 257; x_wconf 79' lang='lat' dir='ltr'><strong>A.</strong></span> <span class='ocrx_word' id='word_1_3' title='bbox 162 221 222 253; x_wconf 87' lang='lat' dir='ltr'><strong>Ch.</strong></span> 
     </span>
    </p>
   </div>
   <div class='ocr_carea' id='block_1_2' title="bbox 462 138 1133 196">
    <p class='ocr_par' dir='ltr' id='par_1_2' title="bbox 462 138 1133 196">
     <span class='ocr_line' id='line_1_3' title="bbox 462 138 1133 196; baseline 0 -1"><span class='ocrx_word' id='word_1_4' title='bbox 462 138 1133 196; x_wconf 15' lang='lat' dir='ltr'><strong>&#39;APPOENDth</strong></span> 
     </span>
    </p>
   </div>
   <div class='ocr_carea' id='block_1_3' title="bbox 107 267 1503 375">
    <p class='ocr_par' dir='ltr' id='par_1_3' title="bbox 107 267 1503 375">
     <span class='ocr_line' id='line_1_4' title="bbox 107 267 1503 375; baseline 0.001 -22"><span class='ocrx_word' id='word_1_5' title='bbox 107 279 224 375; x_wconf 44' lang='grc' dir='ltr'><strong>ᾖξ’.</strong></span> <span class='ocrx_word' id='word_1_6' title='bbox 258 301 424 353; x_wconf 90' lang='lat' dir='ltr'><strong>sulibus</strong></span> <span class='ocrx_word' id='word_1_7' title='bbox 458 300 593 352; x_wconf 87' lang='lat' dir='ltr'><strong>datae</strong></span> <span class='ocrx_word' id='word_1_8' title='bbox 625 300 730 351; x_wconf 89' lang='lat' dir='ltr'><strong>sunt</strong></span> <span class='ocrx_word' id='word_1_9' title='bbox 760 299 986 351; x_wconf 80' lang='lat' dir='ltr'><strong>novellae.</strong></span> <span class='ocrx_word' id='word_1_10' title='bbox 1025 267 1212 352; x_wconf 45' lang='lat' dir='ltr'><strong>vities-</strong></span> <span class='ocrx_word' id='word_1_11' title='bbox 1237 302 1399 369; x_wconf 81' lang='lat' dir='ltr'><strong>itaqu&#39;e</strong></span> <span class='ocrx_word' id='word_1_12' title='bbox 1433 290 1503 354; x_wconf 78' lang='lat' dir='ltr'><strong>est</strong></span> 
     </span>
    </p>
   </div>
   <div class='ocr_carea' id='block_1_4' title="bbox 257 369 1516 975">
    <p class='ocr_par' dir='ltr' id='par_1_4' title="bbox 257 369 1516 975">
     <span class='ocr_line' id='line_1_5' title="bbox 257 369 1505 439; baseline 0.002 -18"><span class='ocrx_word' id='word_1_13' title='bbox 257 369 531 438; x_wconf 85' lang='lat' dir='ltr'>subscriptio</span> <span class='ocrx_word' id='word_1_14' title='bbox 550 371 674 439; x_wconf 85' lang='lat' dir='ltr'>apud</span> <span class='ocrx_word' id='word_1_15' title='bbox 688 371 845 421; x_wconf 87' lang='lat' dir='ltr'><strong>Goth.</strong></span> <span class='ocrx_word' id='word_1_16' title='bbox 863 371 938 420; x_wconf 80' lang='lat' dir='ltr'><strong>tit.</strong></span> <span class='ocrx_word' id='word_1_17' title='bbox 958 388 1000 420; x_wconf 90' lang='lat'><strong>1.</strong></span> <span class='ocrx_word' id='word_1_18' title='bbox 1013 382 1124 421; x_wconf 86' lang='lat' dir='ltr'><strong>nov.</strong></span> <span class='ocrx_word' id='word_1_19' title='bbox 1141 371 1505 424; x_wconf 57' lang='lat' dir='ltr'><strong>une-ZDeTheoe</strong></span> 
     </span>
     <span class='ocr_line' id='line_1_6' title="bbox 259 438 1310 491; baseline -0.003 0"><span class='ocrx_word' id='word_1_20' title='bbox 259 440 435 491; x_wconf 83' lang='lat' dir='ltr'>dofiani</span> <span class='ocrx_word' id='word_1_21' title='bbox 458 438 654 489; x_wconf 88' lang='lat' dir='ltr'>Codicis</span> <span class='ocrx_word' id='word_1_22' title='bbox 678 438 972 489; x_wconf 60' lang='lat' dir='ltr'><strong>aufi&#39;coritate.</strong></span> <span class='ocrx_word' id='word_1_23' title='bbox 1305 475 1310 482; x_wconf 75' lang='lat'><em>-</em></span> 
     </span>
     <span class='ocr_line' id='line_1_7' title="bbox 381 508 1393 575; baseline 0 -17"><span class='ocrx_word' id='word_1_24' title='bbox 381 508 603 572; x_wconf 84' lang='lat' dir='ltr'><em>‘Iheodosto</em></span> <span class='ocrx_word' id='word_1_25' title='bbox 626 518 680 559; x_wconf 84' lang='lat' dir='ltr'><strong>A.</strong></span> <span class='ocrx_word' id='word_1_26' title='bbox 704 525 787 559; x_wconf 84' lang='lat' dir='ltr'><strong>xv.</strong></span> <span class='ocrx_word' id='word_1_27' title='bbox 820 508 872 557; x_wconf 57' lang='grc' dir='ltr'><strong>(ῥ’</strong></span> <span class='ocrx_word' id='word_1_28' title='bbox 897 509 1136 575; x_wconf 77' lang='lat' dir='ltr'><strong>qui&#39;fuerit</strong></span> <span class='ocrx_word' id='word_1_29' title='bbox 1155 511 1393 559; x_wconf 73' lang='lat' dir='ltr'><strong>nuntiatus.</strong></span> 
     </span>
     <span class='ocr_line' id='line_1_8' title="bbox 261 576 1504 647; baseline 0 -18"><span class='ocrx_word' id='word_1_30' title='bbox 261 579 373 630; x_wconf 85' lang='lat' dir='ltr'>Fuit</span> <span class='ocrx_word' id='word_1_31' title='bbox 401 591 557 628; x_wconf 86' lang='lat' dir='ltr'><strong>autem</strong></span> <span class='ocrx_word' id='word_1_32' title='bbox 597 579 721 647; x_wconf 89' lang='lat' dir='ltr'><strong>Imp.</strong></span> <span class='ocrx_word' id='word_1_33' title='bbox 752 576 1057 628; x_wconf 78' lang='lat' dir='ltr'><strong>Theodosius</strong></span> <span class='ocrx_word' id='word_1_34' title='bbox 1087 595 1168 628; x_wconf 87' lang='lat' dir='ltr'><strong>xv.</strong></span> <span class='ocrx_word' id='word_1_35' title='bbox 1201 577 1360 628; x_wconf 90' lang='lat' dir='ltr'><strong>consul</strong></span> <span class='ocrx_word' id='word_1_36' title='bbox 1391 583 1504 629; x_wconf 70' lang='lat' dir='ltr'><strong>cum</strong></span> 
     </span>
     <span class='ocr_line' id='line_1_9' title="bbox 264 645 1504 716; baseline -0.001 -17"><span class='ocrx_word' id='word_1_37' title='bbox 264 647 599 699; x_wconf 88' lang='lat' dir='ltr'><strong>Valentiniano</strong></span> <span class='ocrx_word' id='word_1_38' title='bbox 639 664 715 699; x_wconf 77' lang='grc' dir='ltr'><strong>ιν.</strong></span> <span class='ocrx_word' id='word_1_39' title='bbox 750 663 875 716; x_wconf 81' lang='lat' dir='ltr'><strong>anno</strong></span> <span class='ocrx_word' id='word_1_40' title='bbox 907 645 1005 698; x_wconf 88' lang='lat' dir='ltr'><strong>Ch.</strong></span> <span class='ocrx_word' id='word_1_41' title='bbox 1027 663 1087 714; x_wconf 80' lang='lat'><strong>43</strong></span> <span class='ocrx_word' id='word_1_42' title='bbox 1096 661 1146 715; x_wconf 90' lang='lat'><strong>5.</strong></span> <span class='ocrx_word' id='word_1_43' title='bbox 1176 648 1358 700; x_wconf 85' lang='lat' dir='ltr'><strong>Melius</strong></span> <span class='ocrx_word' id='word_1_44' title='bbox 1386 645 1504 698; x_wconf 83' lang='lat' dir='ltr'><strong>adeo</strong></span> 
     </span>
     <span class='ocr_line' id='line_1_10' title="bbox 263 716 1516 770; baseline -0.006 -3"><span class='ocrx_word' id='word_1_45' title='bbox 263 717 375 768; x_wconf 89' lang='lat' dir='ltr'><strong>MS.</strong></span> <span class='ocrx_word' id='word_1_46' title='bbox 397 716 622 770; x_wconf 84' lang='lat' dir='ltr'><strong>Otobon.</strong></span> <span class='ocrx_word' id='word_1_47' title='bbox 1404 735 1413 739; x_wconf 89' lang='lat'><em>·</em></span> <span class='ocrx_word' id='word_1_48' title='bbox 1510 743 1516 748; x_wconf 25' lang='grc' dir='ltr'><strong>Α</strong></span> 
     </span>
     <span class='ocr_line' id='line_1_11' title="bbox 603 786 1223 852; baseline 0.002 -18"><span class='ocrx_word' id='word_1_49' title='bbox 603 786 834 847; x_wconf 81' lang='lat' dir='ltr'><em>Theodosio</em></span> <span class='ocrx_word' id='word_1_50' title='bbox 853 789 1176 852; x_wconf 70' lang='lat' dir='ltr'><strong>A.XV1.cons2</strong></span> <span class='ocrx_word' id='word_1_51' title='bbox 1219 814 1223 817; x_wconf 93' lang='lat'>·</span> 
     </span>
     <span class='ocr_line' id='line_1_12' title="bbox 266 851 1509 922; baseline -0.001 -17"><span class='ocrx_word' id='word_1_52' title='bbox 266 855 446 922; x_wconf 86' lang='lat' dir='ltr'>Neque</span> <span class='ocrx_word' id='word_1_53' title='bbox 469 854 594 906; x_wconf 87' lang='lat' dir='ltr'>aliud</span> <span class='ocrx_word' id='word_1_54' title='bbox 629 855 781 906; x_wconf 87' lang='lat' dir='ltr'>voluit</span> <span class='ocrx_word' id='word_1_55' title='bbox 818 856 976 906; x_wconf 87' lang='lat' dir='ltr'><strong>Goth.</strong></span> <span class='ocrx_word' id='word_1_56' title='bbox 1008 855 1120 906; x_wconf 90' lang='lat' dir='ltr'>loco</span> <span class='ocrx_word' id='word_1_57' title='bbox 1155 851 1278 906; x_wconf 75' lang='lat' dir='ltr'><strong>laud.</strong></span> <span class='ocrx_word' id='word_1_58' title='bbox 1314 853 1509 905; x_wconf 75' lang='lat' dir='ltr'>Praeter</span> 
     </span>
     <span class='ocr_line' id='line_1_13' title="bbox 267 921 1507 975; baseline -0.002 -1"><span class='ocrx_word' id='word_1_59' title='bbox 267 923 521 974; x_wconf 87' lang='lat' dir='ltr'><strong>Consulem</strong></span> <span class='ocrx_word' id='word_1_60' title='bbox 561 941 674 974; x_wconf 86' lang='lat' dir='ltr'><strong>vero</strong></span> <span class='ocrx_word' id='word_1_61' title='bbox 707 925 852 974; x_wconf 86' lang='lat' dir='ltr'><strong>etiam</strong></span> <span class='ocrx_word' id='word_1_62' title='bbox 886 925 1013 975; x_wconf 89' lang='lat' dir='ltr'>circa</span> <span class='ocrx_word' id='word_1_63' title='bbox 1044 923 1172 974; x_wconf 84' lang='lat' dir='ltr'><strong>diem</strong></span> <span class='ocrx_word' id='word_1_64' title='bbox 1206 921 1368 974; x_wconf 84' lang='lat' dir='ltr'>differt</span> <span class='ocrx_word' id='word_1_65' title='bbox 1398 922 1507 973; x_wconf 88' lang='lat' dir='ltr'><strong>cod.</strong></span> 
     </span>
    </p>
   </div>
   <div class='ocr_carea' id='block_1_5' title="bbox 266 991 1506 1128">
    <p class='ocr_par' dir='ltr' id='par_1_5' title="bbox 266 991 1506 1128">
     <span class='ocr_line' id='line_1_14' title="bbox 266 991 1504 1061; baseline -0.003 -17"><span class='ocrx_word' id='word_1_66' title='bbox 266 993 422 1044; x_wconf 88' lang='lat' dir='ltr'><strong>Otob.</strong></span> <span class='ocrx_word' id='word_1_67' title='bbox 447 992 506 1043; x_wconf 85' lang='lat' dir='ltr'><strong>ab</strong></span> <span class='ocrx_word' id='word_1_68' title='bbox 541 1010 600 1044; x_wconf 92' lang='lat' dir='ltr'><strong>eo</strong></span> <span class='ocrx_word' id='word_1_69' title='bbox 644 1011 742 1061; x_wconf 91' lang='lat' dir='ltr'><strong>quo</strong></span> <span class='ocrx_word' id='word_1_70' title='bbox 773 993 931 1044; x_wconf 88' lang='lat' dir='ltr'><strong>Goth.</strong></span> <span class='ocrx_word' id='word_1_71' title='bbox 965 993 1032 1043; x_wconf 91' lang='lat' dir='ltr'><strong>est</strong></span> <span class='ocrx_word' id='word_1_72' title='bbox 1063 992 1179 1044; x_wconf 87' lang='lat' dir='ltr'><strong>usus.</strong></span> <span class='ocrx_word' id='word_1_73' title='bbox 1200 993 1259 1045; x_wconf 88' lang='lat' dir='ltr'><strong>In</strong></span> <span class='ocrx_word' id='word_1_74' title='bbox 1285 993 1381 1043; x_wconf 81' lang='lat' dir='ltr'><strong>hoc</strong></span> <span class='ocrx_word' id='word_1_75' title='bbox 1402 991 1504 1053; x_wconf 82' lang='lat' dir='ltr'><strong>est,</strong></span> 
     </span>
     <span class='ocr_line' id='line_1_15' title="bbox 268 1060 1506 1128; baseline 0.002 -20"><span class='ocrx_word' id='word_1_76' title='bbox 268 1065 378 1111; x_wconf 85' lang='lat' dir='ltr'><strong>Dat.</strong></span> <span class='ocrx_word' id='word_1_77' title='bbox 402 1080 491 1113; x_wconf 82' lang='lat' dir='ltr'><strong>xv.</strong></span> <span class='ocrx_word' id='word_1_78' title='bbox 522 1065 634 1111; x_wconf 87' lang='lat' dir='ltr'><strong>Kal.</strong></span> <span class='ocrx_word' id='word_1_79' title='bbox 651 1067 857 1123; x_wconf 77' lang='lat' dir='ltr'><em>Martii,</em></span> <span class='ocrx_word' id='word_1_80' title='bbox 894 1063 943 1111; x_wconf 89' lang='lat' dir='ltr'><strong>in</strong></span> <span class='ocrx_word' id='word_1_81' title='bbox 965 1062 1048 1111; x_wconf 86' lang='lat' dir='ltr'>illo</span> <span class='ocrx_word' id='word_1_82' title='bbox 1062 1067 1248 1124; x_wconf 78' lang='lat' dir='ltr'><strong>autem,</strong></span> <span class='ocrx_word' id='word_1_83' title='bbox 1283 1066 1394 1110; x_wconf 83' lang='lat' dir='ltr'><strong>Dat.</strong></span> <span class='ocrx_word' id='word_1_84' title='bbox 1402 1060 1506 1128; x_wconf 87' lang='lat' dir='ltr'><strong>prd.</strong></span> 
     </span>
    </p>
   </div>
   <div class='ocr_carea' id='block_1_6' title="bbox 188 1128 1509 1199">
    <p class='ocr_par' dir='ltr' id='par_1_6' title="bbox 188 1128 1509 1199">
     <span class='ocr_line' id='line_1_16' title="bbox 188 1128 1509 1199; baseline 0.001 -21"><span class='ocrx_word' id='word_1_85' title='bbox 188 1168 194 1171; x_wconf 81' lang='grc'>.</span> <span class='ocrx_word' id='word_1_86' title='bbox 267 1133 346 1178; x_wconf 83' lang='lat' dir='ltr'><strong>Kt.</strong></span> <span class='ocrx_word' id='word_1_87' title='bbox 370 1130 500 1185; x_wconf 72' lang='lat' dir='ltr'><strong>Febr.</strong></span> <span class='ocrx_word' id='word_1_88' title='bbox 532 1130 618 1179; x_wconf 83' lang='lat' dir='ltr'><strong>Est</strong></span> <span class='ocrx_word' id='word_1_89' title='bbox 641 1147 785 1199; x_wconf 91' lang='lat' dir='ltr'>porro</span> <span class='ocrx_word' id='word_1_90' title='bbox 805 1129 856 1179; x_wconf 86' lang='lat'>&amp;</span> <span class='ocrx_word' id='word_1_91' title='bbox 881 1130 1024 1180; x_wconf 89' lang='lat' dir='ltr'><strong>altera</strong></span> <span class='ocrx_word' id='word_1_92' title='bbox 1048 1129 1232 1183; x_wconf 87' lang='lat' dir='ltr'><strong>novella</strong></span> <span class='ocrx_word' id='word_1_93' title='bbox 1247 1128 1374 1199; x_wconf 86' lang='lat' dir='ltr'>apud</span> <span class='ocrx_word' id='word_1_94' title='bbox 1399 1129 1509 1180; x_wconf 90' lang='lat' dir='ltr'><strong>Go-</strong></span> 
     </span>
    </p>
   </div>
   <div class='ocr_carea' id='block_1_7' title="bbox 265 1198 1511 1611">
    <p class='ocr_par' dir='ltr' id='par_1_7' title="bbox 265 1198 1511 1611">
     <span class='ocr_line' id='line_1_17' title="bbox 265 1198 527 1266; baseline -0.008 -16"><span class='ocrx_word' id='word_1_95' title='bbox 265 1198 388 1250; x_wconf 86' lang='lat' dir='ltr'><strong>thof.</strong></span> <span class='ocrx_word' id='word_1_96' title='bbox 409 1215 527 1266; x_wconf 88' lang='lat' dir='ltr'><strong>quae</strong></span> 
     </span>
     <span class='ocr_line' id='line_1_18' title="bbox 315 1268 1313 1330; baseline 0 -15"><span class='ocrx_word' id='word_1_97' title='bbox 315 1294 322 1303; x_wconf 91' lang='lat'><strong>·</strong></span> <span class='ocrx_word' id='word_1_98' title='bbox 621 1268 852 1327; x_wconf 69' lang='lat' dir='ltr'><em>Theodosio</em></span> <span class='ocrx_word' id='word_1_99' title='bbox 878 1285 928 1319; x_wconf 80' lang='lat' dir='ltr'><strong>A.</strong></span> <span class='ocrx_word' id='word_1_100' title='bbox 952 1283 1039 1318; x_wconf 84' lang='lat' dir='ltr'><strong>xv.</strong></span> <span class='ocrx_word' id='word_1_101' title='bbox 1061 1269 1161 1330; x_wconf 75' lang='lat' dir='ltr'><strong>coff.</strong></span> <span class='ocrx_word' id='word_1_102' title='bbox 1312 1302 1313 1305; x_wconf 50' lang='lat'><em>=</em></span> 
     </span>
     <span class='ocr_line' id='line_1_19' title="bbox 266 1333 1509 1406; baseline 0.003 -22"><span class='ocrx_word' id='word_1_103' title='bbox 266 1333 587 1406; x_wconf 58' lang='lat' dir='ltr'>subsgribitur‚</span> <span class='ocrx_word' id='word_1_104' title='bbox 623 1350 735 1402; x_wconf 89' lang='lat' dir='ltr'>puta</span> <span class='ocrx_word' id='word_1_105' title='bbox 762 1337 836 1385; x_wconf 86' lang='lat' dir='ltr'><strong>tit.</strong></span> <span class='ocrx_word' id='word_1_106' title='bbox 861 1354 933 1400; x_wconf 90' lang='lat'><strong>4.,</strong></span> <span class='ocrx_word' id='word_1_107' title='bbox 969 1351 1136 1385; x_wconf 84' lang='lat' dir='ltr'><strong>verum</strong></span> <span class='ocrx_word' id='word_1_108' title='bbox 1165 1333 1342 1385; x_wconf 63' lang='lat' dir='ltr'><strong>firefihz</strong></span> <span class='ocrx_word' id='word_1_109' title='bbox 1365 1333 1509 1390; x_wconf 79' lang='lat' dir='ltr'><strong>habet</strong></span> 
     </span>
     <span class='ocr_line' id='line_1_20' title="bbox 266 1403 1511 1473; baseline 0.002 -20"><span class='ocrx_word' id='word_1_110' title='bbox 266 1404 373 1453; x_wconf 92' lang='lat' dir='ltr'><strong>cod.</strong></span> <span class='ocrx_word' id='word_1_111' title='bbox 396 1403 581 1467; x_wconf 78' lang='lat' dir='ltr'><strong>Otob.‚</strong></span> <span class='ocrx_word' id='word_1_112' title='bbox 617 1404 694 1454; x_wconf 84' lang='lat' dir='ltr'>illa</span> <span class='ocrx_word' id='word_1_113' title='bbox 714 1403 770 1453; x_wconf 87' lang='lat' dir='ltr'><strong>ad</strong></span> <span class='ocrx_word' id='word_1_114' title='bbox 805 1403 1074 1473; x_wconf 87' lang='lat' dir='ltr'><strong>sequentem</strong></span> <span class='ocrx_word' id='word_1_115' title='bbox 1103 1420 1282 1455; x_wconf 86' lang='lat' dir='ltr'><strong>annum</strong></span> <span class='ocrx_word' id='word_1_116' title='bbox 1304 1403 1511 1456; x_wconf 85' lang='lat' dir='ltr'><strong>referen-</strong></span> 
     </span>
     <span class='ocr_line' id='line_1_21' title="bbox 267 1471 1312 1538; baseline 0.002 -16"><span class='ocrx_word' id='word_1_117' title='bbox 267 1471 324 1522; x_wconf 92' lang='lat' dir='ltr'><strong>da</strong></span> <span class='ocrx_word' id='word_1_118' title='bbox 345 1471 440 1535; x_wconf 83' lang='lat' dir='ltr'><strong>est,</strong></span> <span class='ocrx_word' id='word_1_119' title='bbox 476 1489 589 1523; x_wconf 89' lang='lat' dir='ltr'><strong>cum</strong></span> <span class='ocrx_word' id='word_1_120' title='bbox 613 1471 927 1524; x_wconf 80' lang='lat' dir='ltr'><strong>ibi&#39;scribatur</strong></span> <span class='ocrx_word' id='word_1_121' title='bbox 1006 1534 1010 1536; x_wconf 82' lang='lat'><strong>.</strong></span> <span class='ocrx_word' id='word_1_122' title='bbox 1184 1533 1191 1538; x_wconf 79' lang='lat'><strong>..</strong></span> <span class='ocrx_word' id='word_1_123' title='bbox 1310 1477 1312 1480; x_wconf 73' lang='grc'>’</span> 
     </span>
     <span class='ocr_line' id='line_1_22' title="bbox 581 1538 1256 1611; baseline 0 -20"><span class='ocrx_word' id='word_1_124' title='bbox 581 1541 744 1592; x_wconf 83' lang='lat' dir='ltr'><strong>Theod.</strong></span> <span class='ocrx_word' id='word_1_125' title='bbox 773 1545 898 1611; x_wconf 79' lang='lat' dir='ltr'><strong>Aug.</strong></span> <span class='ocrx_word' id='word_1_126' title='bbox 927 1558 1058 1593; x_wconf 81' lang='lat' dir='ltr'><strong>xvn.</strong></span> <span class='ocrx_word' id='word_1_127' title='bbox 1084 1543 1196 1608; x_wconf 78' lang='lat' dir='ltr'><strong>cons.</strong></span> <span class='ocrx_word' id='word_1_128' title='bbox 1254 1538 1256 1540; x_wconf 36' lang='lat'>¹</span> 
     </span>
    </p>
   </div>
   <div class='ocr_carea' id='block_1_8' title="bbox 171 1601 1514 1680">
    <p class='ocr_par' dir='ltr' id='par_1_8' title="bbox 171 1601 1514 1680">
     <span class='ocr_line' id='line_1_23' title="bbox 171 1601 1514 1680; baseline 0.003 -20"><span class='ocrx_word' id='word_1_129' title='bbox 171 1632 174 1635; x_wconf 43' lang='lat'>*</span> <span class='ocrx_word' id='word_1_130' title='bbox 266 1610 495 1661; x_wconf 86' lang='lat' dir='ltr'><strong>Ceterum</strong></span> <span class='ocrx_word' id='word_1_131' title='bbox 518 1611 640 1662; x_wconf 88' lang='lat' dir='ltr'><strong>inter</strong></span> <span class='ocrx_word' id='word_1_132' title='bbox 665 1627 833 1680; x_wconf 87' lang='lat' dir='ltr'>paucas</span> <span class='ocrx_word' id='word_1_133' title='bbox 856 1611 974 1672; x_wconf 83' lang='lat' dir='ltr'><strong>illas,</strong></span> <span class='ocrx_word' id='word_1_134' title='bbox 1012 1628 1130 1678; x_wconf 88' lang='lat' dir='ltr'><strong>quae</strong></span> <span class='ocrx_word' id='word_1_135' title='bbox 1151 1612 1280 1663; x_wconf 88' lang='lat' dir='ltr'><strong>hunc</strong></span> <span class='ocrx_word' id='word_1_136' title='bbox 1301 1601 1514 1664; x_wconf 44' lang='lat' dir='ltr'><strong>consula*</strong></span> 
     </span>
    </p>
   </div>
   <div class='ocr_carea' id='block_1_9' title="bbox 268 1679 1578 2694">
    <p class='ocr_par' dir='ltr' id='par_1_9' title="bbox 268 1679 1578 2694">
     <span class='ocr_line' id='line_1_24' title="bbox 268 1679 1513 1739; baseline 0.001 -9"><span class='ocrx_word' id='word_1_137' title='bbox 268 1694 370 1730; x_wconf 83' lang='lat' dir='ltr'><strong>turn</strong></span> <span class='ocrx_word' id='word_1_138' title='bbox 387 1680 635 1739; x_wconf 72' lang='lat' dir='ltr'><strong>referunt,</strong></span> <span class='ocrx_word' id='word_1_139' title='bbox 655 1679 736 1730; x_wconf 84' lang='lat' dir='ltr'><strong>est</strong></span> <span class='ocrx_word' id='word_1_140' title='bbox 759 1681 900 1731; x_wconf 87' lang='lat' dir='ltr'><strong>etiam</strong></span> <span class='ocrx_word' id='word_1_141' title='bbox 933 1679 1110 1731; x_wconf 85' lang='lat' dir='ltr'><strong>inedita</strong></span> <span class='ocrx_word' id='word_1_142' title='bbox 1132 1679 1398 1732; x_wconf 85' lang='lat' dir='ltr'>Theodofii</span> <span class='ocrx_word' id='word_1_143' title='bbox 1422 1686 1513 1731; x_wconf 72' lang='lat' dir='ltr'><strong>no-</strong></span> 
     </span>
     <span class='ocr_line' id='line_1_25' title="bbox 269 1748 1512 1818; baseline 0.001 -20"><span class='ocrx_word' id='word_1_144' title='bbox 269 1748 387 1799; x_wconf 88' lang='lat' dir='ltr'><strong>vella</strong></span> <span class='ocrx_word' id='word_1_145' title='bbox 409 1785 427 1812; x_wconf 86' lang='lat'>‚</span> <span class='ocrx_word' id='word_1_146' title='bbox 464 1750 537 1798; x_wconf 88' lang='lat' dir='ltr'><strong>tit.</strong></span> <span class='ocrx_word' id='word_1_147' title='bbox 580 1755 653 1800; x_wconf 89' lang='lat'><strong>16.</strong></span> <span class='ocrx_word' id='word_1_148' title='bbox 690 1750 770 1800; x_wconf 90' lang='lat' dir='ltr'><strong>De</strong></span> <span class='ocrx_word' id='word_1_149' title='bbox 797 1748 1073 1818; x_wconf 87' lang='lat' dir='ltr'>postulando</span> <span class='ocrx_word' id='word_1_150' title='bbox 1105 1748 1159 1799; x_wconf 86' lang='lat'>&amp;</span> <span class='ocrx_word' id='word_1_151' title='bbox 1195 1749 1512 1818; x_wconf 84' lang='lat' dir='ltr'><strong>perpetuanda</strong></span> 
     </span>
     <span class='ocr_line' id='line_1_26' title="bbox 268 1817 932 1880; baseline 0 -11"><span class='ocrx_word' id='word_1_152' title='bbox 268 1817 592 1869; x_wconf 86' lang='lat' dir='ltr'><strong>advocatione.</strong></span> <span class='ocrx_word' id='word_1_153' title='bbox 635 1817 801 1874; x_wconf 86' lang='lat' dir='ltr'><strong>Habet</strong></span> <span class='ocrx_word' id='word_1_154' title='bbox 823 1819 932 1880; x_wconf 80' lang='lat' dir='ltr'>illa,</span> 
     </span>
     <span class='ocr_line' id='line_1_27' title="bbox 564 1887 1209 1955; baseline -0.005 -18"><span class='ocrx_word' id='word_1_155' title='bbox 564 1887 790 1953; x_wconf 75' lang='lat' dir='ltr'><em>Theodosio</em></span> <span class='ocrx_word' id='word_1_156' title='bbox 813 1891 939 1955; x_wconf 82' lang='lat' dir='ltr'><strong>Aug.</strong></span> <span class='ocrx_word' id='word_1_157' title='bbox 961 1902 1072 1939; x_wconf 78' lang='lat' dir='ltr'><strong>XVI.</strong></span> <span class='ocrx_word' id='word_1_158' title='bbox 1096 1887 1209 1951; x_wconf 72' lang='lat' dir='ltr'><strong>confi</strong></span> 
     </span>
     <span class='ocr_line' id='line_1_28' title="bbox 271 1953 1511 2023; baseline 0.002 -18"><span class='ocrx_word' id='word_1_159' title='bbox 271 1955 336 2006; x_wconf 89' lang='lat' dir='ltr'><strong>Et</strong></span> <span class='ocrx_word' id='word_1_160' title='bbox 358 1970 519 2007; x_wconf 87' lang='lat' dir='ltr'><strong>tamen</strong></span> <span class='ocrx_word' id='word_1_161' title='bbox 542 1955 733 2006; x_wconf 88' lang='lat' dir='ltr'><strong>videtur</strong></span> <span class='ocrx_word' id='word_1_162' title='bbox 765 1955 817 2006; x_wconf 70' lang='grc' dir='ltr'><strong>ὃ(</strong></span> <span class='ocrx_word' id='word_1_163' title='bbox 841 1956 955 2005; x_wconf 89' lang='lat' dir='ltr'><strong>haec</strong></span> <span class='ocrx_word' id='word_1_164' title='bbox 981 1955 1139 2022; x_wconf 90' lang='lat' dir='ltr'>potius</span> <span class='ocrx_word' id='word_1_165' title='bbox 1157 1953 1213 2004; x_wconf 86' lang='lat' dir='ltr'><strong>ad</strong></span> <span class='ocrx_word' id='word_1_166' title='bbox 1238 1954 1511 2023; x_wconf 74' lang='lat' dir='ltr'><strong>proximum</strong></span> 
     </span>
     <span class='ocr_line' id='line_1_29' title="bbox 269 2022 1510 2093; baseline 0.002 -20"><span class='ocrx_word' id='word_1_167' title='bbox 269 2041 442 2074; x_wconf 86' lang='lat' dir='ltr'><strong>annum</strong></span> <span class='ocrx_word' id='word_1_168' title='bbox 478 2026 712 2091; x_wconf 85' lang='lat' dir='ltr'><strong>pertinere</strong></span> <span class='ocrx_word' id='word_1_169' title='bbox 738 2060 751 2078; x_wconf 87' lang='lat'>,</span> <span class='ocrx_word' id='word_1_170' title='bbox 798 2022 862 2073; x_wconf 94' lang='lat' dir='ltr'><strong>ob</strong></span> <span class='ocrx_word' id='word_1_171' title='bbox 898 2040 1001 2073; x_wconf 90' lang='lat' dir='ltr'><strong>eam</strong></span> <span class='ocrx_word' id='word_1_172' title='bbox 1026 2061 1040 2084; x_wconf 93' lang='lat'><strong>,</strong></span> <span class='ocrx_word' id='word_1_173' title='bbox 1087 2039 1203 2092; x_wconf 87' lang='lat' dir='ltr'><strong>quae</strong></span> <span class='ocrx_word' id='word_1_174' title='bbox 1238 2023 1477 2093; x_wconf 81' lang='lat' dir='ltr'><strong>praecedit</strong></span> <span class='ocrx_word' id='word_1_175' title='bbox 1494 2060 1510 2085; x_wconf 89' lang='lat'><strong>,</strong></span> 
     </span>
     <span class='ocr_line' id='line_1_30' title="bbox 271 2091 1512 2161; baseline 0.002 -20"><span class='ocrx_word' id='word_1_176' title='bbox 271 2108 480 2161; x_wconf 85' lang='lat' dir='ltr'><strong>quaeque</strong></span> <span class='ocrx_word' id='word_1_177' title='bbox 503 2093 619 2142; x_wconf 88' lang='lat' dir='ltr'><strong>item</strong></span> <span class='ocrx_word' id='word_1_178' title='bbox 655 2091 776 2157; x_wconf 84' lang='lat' dir='ltr'>apud</span> <span class='ocrx_word' id='word_1_179' title='bbox 803 2092 959 2142; x_wconf 85' lang='lat' dir='ltr'><strong>Goth.</strong></span> <span class='ocrx_word' id='word_1_180' title='bbox 985 2092 1080 2151; x_wconf 90' lang='lat' dir='ltr'><strong>est,</strong></span> <span class='ocrx_word' id='word_1_181' title='bbox 1116 2091 1168 2142; x_wconf 88' lang='lat'>&amp;</span> <span class='ocrx_word' id='word_1_182' title='bbox 1189 2091 1432 2143; x_wconf 88' lang='lat' dir='ltr'><strong>manifeste</strong></span> <span class='ocrx_word' id='word_1_183' title='bbox 1451 2110 1512 2143; x_wconf 90' lang='lat' dir='ltr'><strong>eo</strong></span> 
     </span>
     <span class='ocr_line' id='line_1_31' title="bbox 269 2159 1514 2224; baseline 0 -13"><span class='ocrx_word' id='word_1_184' title='bbox 269 2160 430 2211; x_wconf 87' lang='lat' dir='ltr'><strong>referri</strong></span> <span class='ocrx_word' id='word_1_185' title='bbox 451 2160 604 2212; x_wconf 90' lang='lat' dir='ltr'><strong>debet.</strong></span> <span class='ocrx_word' id='word_1_186' title='bbox 676 2162 801 2211; x_wconf 82' lang='lat' dir='ltr'>Data</span> <span class='ocrx_word' id='word_1_187' title='bbox 813 2175 966 2212; x_wconf 88' lang='lat' dir='ltr'><strong>autem</strong></span> <span class='ocrx_word' id='word_1_188' title='bbox 979 2161 1097 2224; x_wconf 79' lang='lat' dir='ltr'><strong>haee</strong></span> <span class='ocrx_word' id='word_1_189' title='bbox 1115 2170 1229 2211; x_wconf 78' lang='lat' dir='ltr'><strong>nov.</strong></span> <span class='ocrx_word' id='word_1_190' title='bbox 1251 2159 1514 2222; x_wconf 51' lang='lat' dir='ltr'><strong>cinenses-&amp;3</strong></span> 
     </span>
     <span class='ocr_line' id='line_1_32' title="bbox 269 2229 1515 2298; baseline 0.002 -20"><span class='ocrx_word' id='word_1_191' title='bbox 269 2245 454 2279; x_wconf 86' lang='lat' dir='ltr'><strong>x1111.</strong></span> <span class='ocrx_word' id='word_1_192' title='bbox 483 2232 563 2278; x_wconf 86' lang='lat' dir='ltr'><strong>Kl.</strong></span> <span class='ocrx_word' id='word_1_193' title='bbox 591 2233 720 2298; x_wconf 85' lang='lat' dir='ltr'><strong>Maj.</strong></span> <span class='ocrx_word' id='word_1_194' title='bbox 746 2229 878 2293; x_wconf 70' lang='lat' dir='ltr'><strong>Corst.</strong></span> <span class='ocrx_word' id='word_1_195' title='bbox 918 2230 1173 2297; x_wconf 86' lang='lat' dir='ltr'><strong>eademque</strong></span> <span class='ocrx_word' id='word_1_196' title='bbox 1195 2229 1333 2281; x_wconf 88' lang='lat' dir='ltr'><strong>inseri</strong></span> <span class='ocrx_word' id='word_1_197' title='bbox 1371 2245 1417 2282; x_wconf 84' lang='lat' dir='ltr'><strong>ta</strong></span> <span class='ocrx_word' id='word_1_198' title='bbox 1446 2230 1515 2281; x_wconf 90' lang='lat' dir='ltr'><strong>est</strong></span> 
     </span>
     <span class='ocr_line' id='line_1_33' title="bbox 271 2296 1517 2367; baseline 0.001 -18"><span class='ocrx_word' id='word_1_199' title='bbox 271 2316 348 2349; x_wconf 81' lang='lat' dir='ltr'><strong>ID.</strong></span> <span class='ocrx_word' id='word_1_200' title='bbox 371 2315 466 2349; x_wconf 89' lang='lat' dir='ltr'><strong>AA.</strong></span> <span class='ocrx_word' id='word_1_201' title='bbox 505 2299 729 2360; x_wconf 88' lang='lat' dir='ltr'><strong>(hocest,</strong></span> <span class='ocrx_word' id='word_1_202' title='bbox 767 2300 921 2367; x_wconf 88' lang='lat' dir='ltr'><strong>Impp.</strong></span> <span class='ocrx_word' id='word_1_203' title='bbox 946 2296 1249 2350; x_wconf 75' lang='lat' dir='ltr'><strong>Theodosius</strong></span> <span class='ocrx_word' id='word_1_204' title='bbox 1271 2298 1322 2349; x_wconf 85' lang='lat'>&amp;</span> <span class='ocrx_word' id='word_1_205' title='bbox 1390 2299 1517 2350; x_wconf 90' lang='lat' dir='ltr'><strong>alen-</strong></span> 
     </span>
     <span class='ocr_line' id='line_1_34' title="bbox 272 2366 1516 2438; baseline 0.002 -22"><span class='ocrx_word' id='word_1_206' title='bbox 272 2367 510 2432; x_wconf 85' lang='lat' dir='ltr'><strong>tinianus)</strong></span> <span class='ocrx_word' id='word_1_207' title='bbox 550 2371 767 2417; x_wconf 84' lang='lat' dir='ltr'><strong>Florentio</strong></span> <span class='ocrx_word' id='word_1_208' title='bbox 802 2370 1019 2436; x_wconf 84' lang='lat' dir='ltr'><em>Propofito.</em></span> <span class='ocrx_word' id='word_1_209' title='bbox 1069 2366 1212 2418; x_wconf 88' lang='lat' dir='ltr'><strong>credo</strong></span> <span class='ocrx_word' id='word_1_210' title='bbox 1255 2367 1516 2438; x_wconf 78' lang='lat' dir='ltr'><strong>legendum</strong></span> 
     </span>
     <span class='ocr_line' id='line_1_35' title="bbox 277 2435 1516 2506; baseline 0.005 -24"><span class='ocrx_word' id='word_1_211' title='bbox 277 2439 392 2486; x_wconf 83' lang='lat' dir='ltr'><strong>PPo.</strong></span> <span class='ocrx_word' id='word_1_212' title='bbox 427 2450 480 2486; x_wconf 87' lang='lat' dir='ltr'><strong>ut</strong></span> <span class='ocrx_word' id='word_1_213' title='bbox 503 2437 661 2504; x_wconf 85' lang='lat' dir='ltr'><strong>paffim</strong></span> <span class='ocrx_word' id='word_1_214' title='bbox 687 2436 751 2487; x_wconf 87' lang='lat' dir='ltr'><strong>est</strong></span> <span class='ocrx_word' id='word_1_215' title='bbox 774 2439 822 2486; x_wconf 88' lang='lat' dir='ltr'><strong>in</strong></span> <span class='ocrx_word' id='word_1_216' title='bbox 846 2439 944 2488; x_wconf 88' lang='lat' dir='ltr'>aliis</span> <span class='ocrx_word' id='word_1_217' title='bbox 965 2435 1366 2506; x_wconf 76' lang='lat' dir='ltr'><strong>inscriptionibuS,</strong></span> <span class='ocrx_word' id='word_1_218' title='bbox 1399 2437 1447 2487; x_wconf 91' lang='lat' dir='ltr'><strong>h.</strong></span> <span class='ocrx_word' id='word_1_219' title='bbox 1473 2454 1516 2488; x_wconf 70' lang='lat' dir='ltr'><strong>e..</strong></span> 
     </span>
     <span class='ocr_line' id='line_1_36' title="bbox 275 2503 1578 2571; baseline 0.003 -19"><span class='ocrx_word' id='word_1_220' title='bbox 275 2503 514 2555; x_wconf 65' lang='lat' dir='ltr'><strong>Pmefflsto</strong></span> <span class='ocrx_word' id='word_1_221' title='bbox 550 2507 795 2558; x_wconf 79' lang='lat' dir='ltr'><strong>Praetorio</strong></span> <span class='ocrx_word' id='word_1_222' title='bbox 824 2528 842 2566; x_wconf 89' lang='lat'><strong>·,</strong></span> <span class='ocrx_word' id='word_1_223' title='bbox 887 2521 968 2557; x_wconf 86' lang='lat' dir='ltr'><strong>aut</strong></span> <span class='ocrx_word' id='word_1_224' title='bbox 992 2543 1009 2571; x_wconf 87' lang='lat'>‚</span> <span class='ocrx_word' id='word_1_225' title='bbox 1057 2504 1092 2556; x_wconf 88' lang='lat' dir='ltr'><strong>fi</strong></span> <span class='ocrx_word' id='word_1_226' title='bbox 1116 2506 1287 2569; x_wconf 84' lang='lat' dir='ltr'><strong>mavis,</strong></span> <span class='ocrx_word' id='word_1_227' title='bbox 1325 2509 1420 2568; x_wconf 80' lang='lat' dir='ltr'><strong>PP.</strong></span> <span class='ocrx_word' id='word_1_228' title='bbox 1446 2510 1517 2563; x_wconf 84' lang='grc' dir='ltr'><strong>Ο,</strong></span> <span class='ocrx_word' id='word_1_229' title='bbox 1575 2511 1578 2546; x_wconf 66' lang='grc' dir='ltr'><strong>«ἶ</strong></span> 
     </span>
     <span class='ocr_line' id='line_1_37' title="bbox 272 2572 1519 2640; baseline -0.001 -17"><span class='ocrx_word' id='word_1_230' title='bbox 272 2572 516 2626; x_wconf 67' lang='grc' dir='ltr'><strong>Ρταεῐεὸὶο</strong></span> <span class='ocrx_word' id='word_1_231' title='bbox 550 2576 797 2628; x_wconf 85' lang='lat' dir='ltr'><strong>Praetorio</strong></span> <span class='ocrx_word' id='word_1_232' title='bbox 823 2576 1074 2640; x_wconf 43' lang='lat' dir='ltr'><strong>Orienti&amp;</strong></span> <span class='ocrx_word' id='word_1_233' title='bbox 1109 2588 1165 2628; x_wconf 88' lang='lat' dir='ltr'><strong>ut</strong></span> <span class='ocrx_word' id='word_1_234' title='bbox 1186 2574 1356 2630; x_wconf 81' lang='lat' dir='ltr'><strong>diserte</strong></span> <span class='ocrx_word' id='word_1_235' title='bbox 1378 2575 1519 2628; x_wconf 80' lang='lat' dir='ltr'><strong>habet</strong></span> 
     </span>
     <span class='ocr_line' id='line_1_38' title="bbox 1406 2658 1519 2694; baseline 0.009 -1"><span class='ocrx_word' id='word_1_236' title='bbox 1406 2658 1519 2694; x_wconf 48' lang='lat' dir='ltr'><strong>nov.</strong></span> 
     </span>
    </p>
   </div>
  </div>
 </body>
</html>
