1612 2970
382 158 1190 234 PRAEFATIO.

112 308 400 372 consulum
432 309 831 368 ordinariorum
872 311 1132 373 nomina,
1171 303 1244 363 fic
1283 320 1345 364 ut
1374 306 1457 364 lo-

114 392 187 448 co
211 387 308 447 suo
334 403 482 446 mota
511 389 780 445 duntaxat
809 385 1013 444 fuerint
1033 425 1049 451 ‚
1104 390 1159 442 &
1188 385 1244 440 in
1275 384 1459 443 sedem
1519 445 1524 451 ,

114 466 398 544 pristinam
429 465 787 529 restituenda,
834 465 915 522 uti
947 464 1060 540 ipse
1088 461 1340 520 restituit.
1403 523 1408 526 ,

192 544 472 602 Praeterea
500 545 665 607 utiles
694 559 850 600 erunt
891 542 951 598 hi
980 540 1103 598 fasti
1132 542 1186 596 in
1219 541 1460 599 numeriS

115 621 494 679 consulatuum
527 620 941 697 dignoscendis,
999 618 1154 694 quod
1197 617 1461 694 &ipsum

114 717 146 753 a
195 701 483 756 nominum
529 700 676 754 varie
706 697 972 755 lectorum
1010 699 1219 753 ratione
1255 696 1464 771 depen-

114 776 231 834 det.
289 778 443 834 Nam
473 774 785 852 frequenter
818 775 1136 831 conditores
1166 771 1424 830 fastorum
1443 811 1464 840 ,

114 869 291 929 quum
317 855 506 912 eadem
549 854 767 909 nomina
795 853 1013 927 aliquot
1042 870 1305 907 annorum
1342 849 1464 924 spa-

23 981 26 986 .
112 932 200 987 tio
226 931 426 989 secreta
460 932 702 1007 legerent
731 970 749 998 ‚
810 930 920 987 illis
958 929 1180 987 eosdem
1215 927 1464 987 consules

111 1005 382 1086 designari
411 1009 766 1066 crediderunt
784 1047 802 1075 ,
844 1022 1013 1083 atque
1044 1009 1118 1063 ita
1144 1006 1301 1082 saepe
1334 1023 1463 1064 nota

109 1088 379 1162 geminati
421 1086 733 1144 consulatus
781 1085 887 1142 illis
930 1085 1227 1160 apponitur
1258 1085 1462 1158 quibus

109 1177 230 1220 non·
248 1165 539 1222 convenit:
577 1165 735 1241 quod
768 1185 798 1220 a
823 1162 988 1220 fratre
1019 1182 1143 1218 meo
1170 1162 1464 1237 aliquoties

111 1255 362 1298 notatum
393 1243 578 1298 video,
662 1243 706 1297 E
736 1241 1015 1298 contrario
1047 1238 1233 1297 omissa
1261 1238 1342 1296 est
1367 1259 1464 1297 no-

110 1332 164 1372 ta
206 1318 519 1376 consulatus
568 1320 832 1395 geminati
865 1362 887 1386 ,
942 1319 1040 1374 ubi
1079 1315 1257 1373 adesse
1295 1336 1464 1392 opor-

110 1394 221 1450 tuit
248 1425 266 1462 ;
323 1394 435 1451 five
483 1396 641 1468 quod
683 1394 939 1450 suffectus
979 1397 1023 1450 is
1067 1411 1225 1450 antea
1268 1395 1464 1452 consul

108 1469 280 1527 fucrit
298 1510 316 1538 ,
344 1471 597 1546 adeoque
628 1471 684 1526 in
713 1468 864 1525 fastis
895 1472 1177 1542 ignoratus
1195 1501 1212 1536 3
1231 1469 1341 1526 five
1360 1471 1462 1527 ho·
1518 1503 1524 1508 ·

110 1548 337 1605 notibus
391 1549 563 1604 modo
603 1545 978 1604 consularibus
1030 1562 1252 1603 ornatus
1286 1585 1305 1613 ,
1359 1549 1463 1624 qui

106 1643 503 1702 nonnunquam
523 1664 540 1692 ,
571 1624 795 1701 quando
826 1623 895 1680 ad
927 1622 1267 1680 consulatum
1295 1626 1460 1684 ‘ordi-

107 1703 319 1767 narium
346 1704 626 1780 pervenit,
674 1704 867 1758 iterum
888 1700 1077 1758 consul
1105 1699 1455 1760 scribebatur.

107 1779 336 1844 Poterat
368 1787 422 1838 ὃς
467 1797 549 1837 ter
589 1778 780 1837 consul
811 1778 972 1835 scribi
1005 1817 1023 1845 ,
1079 1777 1287 1835 etiamfi
1318 1781 1460 1842 inter

108 1858 354 1918 consules
392 1859 712 1916 ordinarios·
744 1856 904 1914 semel
947 1859 1324 1931 tantum-ejus
1361 1877 1459 1915 no·

106 1936 234 1999 'men
269 1937 480 2015 legatur
508 1958 519 1992 :
582 1954 705 1992 nam
740 1937 814 1990 ita
845 1933 1182 1991 Censorinus
1214 1935 1298 1992 bis
1327 1956 1458 1993 con·
1531 1941 1536 1945 ’

104 2012 190 2077 sul
205 2013 312 2077 fuit
331 2055 346 2081 ‚
388 2013 522 2072 teste
541 2013 832 2071 Trebellio
858 2011 1114 2068 Pollione
1130 2012 1183 2070 in
1204 2013 1315 2070 vita
1335 2033 1458 2074 xxx

22 2160 36 2166 ⁴
104 2107 461 2168 tyrannorum
482 2136 505 2159 ,
556 2092 818 2168 quam'vis
848 2109 914 2145 ne
942 2088 1101 2149 semel
1135 2090 1368 2165 quidem
1399 2094 1457 2150 in

104 2166 256 2227 fastis
288 2169 572 2226 consulum
607 2169 955 2228 nominetur:
980 2166 1174 2241 Quid?
1193 2169 1348 2243 quod
1375 2185 1459 2229 ter

66 2244 69 2247 ⁵
103 2247 295 2303 consul
321 2249 599 2304 diceretur
628 2286 646 2313 ‚
693 2247 790 2321 qui
821 2251 887 2301 ‘n‘e
913 2244 1071 2302 semel
1099 2246 1329 2320 quidem
1366 2267 1457 2304 or-

102 2324 349 2382 dinarius
407 2324 594 2381 fuiss‘et
621 2363 639 2391 ,
692 2326 776 2384 uti
820 2321 1025 2400 ‘Ulpius
1069 2323 1318 2382 Crinitus
1366 2338 1457 2383 ter

103 2403 282 2476 consid
308 2418 638 2477 memoratur
665 2400 921 2476 Vopisco
951 2402 1006 2457 in
1047 2402 1163 2458 vita
1209 2403 1458 2463 Aurelia-

101 2479 179 2535 ni.
263 2481 381 2537 Hic
413 2478 795 2554 inscriptiones
838 2478 1089 2554 lapidum
1120 2482 1176 2534 δε
1207 2477 1327 2538 fasti
1359 2500 1451 2537 ve..

100 2571 238 2619 teres
266 2561 323 2615 ὅ(
352 2575 750 2636 nonnunquam
775 2553 1097 2674 ‡e3‡m⁰nia
1122 2554 1456 2692 scrip}orum

962 2654 990 2711 5
1301 2654 1454 2699 acen]
