1612 2970
339 153 1143 219 PRAEFATIO.

65 295 227 373 'quod
268 313 340 352 ex
381 294 452 351 iis
494 291 621 369 ipfis
649 311 790 367 quae
829 291 1121 350 manifesto
1147 290 1279 351 falsa
1302 293 1408 352 effe

69 389 331 450 apparet,
387 368 655 430 discamus
686 412 707 435 ,
762 390 902 445 quae
928 371 1114 428 literae
1139 369 1314 435 forma
1348 368 1415 428 fi-

70 451 228 514 miles
258 449 550 526 permutari
565 448 617 502 in
647 445 909 521 scriptura
936 464 1182 505 veterum
1216 466 1414 526 potue-

68 530 180 588 rint
215 529 453 592 invicem
483 565 502 594 ,
557 540 724 599 atque
757 525 897 581 adeo
933 527 1414 592 emendationibus

67 606 160 663 via
192 604 479 674 sternatur:
525 603 607 660 uti
633 603 789 676 quod
816 602 1001 659 consul
1038 606 1262 680 Appion
1287 605 1414 663 scri-

69 683 230 741 batur
272 684 443 747 Ation
469 725 484 745 ,
562 680 1019 756 quandoqmdem
1055 696 1303 740 veterum
1356 684 1414 742 R

69 777 465 836 nonnunquam
512 757 615 814 hac
669 756 846 813 forma
900 758 945 814 P
1000 760 1081 814 uti
1136 760 1413 817 Graecum

66 836 415 901 scribebatur.
488 835 695 893 Verum
728 838 782 891 ὃς
815 835 973 890 unius
1010 834 1195 892 literae
1222 838 1413 894 d1scri-

67 932 201 978 men,
223 915 281 971 in
310 915 419 971 hoc
444 932 609 988 opere
637 912 826 968 debuit
859 913 1145 980 adnotari,
1164 915 1323 989 quod
1351 933 1413 971 u-

67 1009 203 1056 num
244 1010 447 1058 nomen
495 996 550 1047 &
586 990 814 1048 alterum
853 989 1009 1066 saepe
1037 1009 1144 1056 non
1172 991 1273 1050 m'fi
1310 1010 1413 1050 una

64 1067 224 1135 litera
245 1068 631 1146 distinguatur.
1323 1111 1325 1113 »

146 1142 367 1213 Deindffe
387 1145 760 1211 ,animadverti
804 1146 921 1204 dies
947 1143 1104 1203 illum
1138 1144 1413 1222 neglexis-

69 1221 159 1290 se)
180 1221 578 1300 ,quibusleges
604 1223 764 1282 datae
791 1224 1006 1281 fuerant
1022 1263 1041 1290 ,
1065 1243 1166 1280 nec
1193 1243 1280 1281 eas
1308 1222 1414 1280 isto

68 1296 264 1355 ordine
279 1298 559 1375 ,digesta8,
597 1317 660 1357 ut
684 1302 828 1377 leges
865 1302 1025 1364 datae
1049 1300 1231 1358 mense
1263 1301 1412 1359 Mar-

71 1376 156 1432 tio
188 1376 515 1450 praecedant
546 1376 667 1432 illas
695 1398 837 1449 quae
869 1377 1054 1448 Aprili
1084 1378 1245 1441 datae
1274 1377 1410 1435 sunt.

71 1452 143 1510 Id
170 1451 403 1527 quidem
434 1451 481 1508 F
486 1453 797 1527 reymonius
829 1454 883 1506 in
923 1451 1250 1526 symphonia
1274 1456 1410 1527 juris

73 1526 373 1606 praestitit:
415 1526 506 1585 sed
536 1546 635 1584 nec
665 1529 802 1583 tanti
830 1525 950 1583 usus
978 1528 1035 1583 id
1065 1527 1141 1584 est
1167 1530 1412 1591 aevide—

70 1606 478 1682 §Qu-:quoniam
509 1624 619 1660 non
650 1624 840 1661 omnes
868 1606 1016 1660 leues
1049 1618 1256 1662 DATAE
1284 1605 1411 1665 sunt

72 1684 188 1756 {uis
227 1682 550 1757 diebusqui
591 1680 877 1755 subscripti
902 1652 1025 1738 ἕως
1051 1721 1069 1749 ,
1120 1682 1215 1746 sed
1242 1703 1409 1761 quae-

71 1760 565 1830 ‚damfiREDmTAE
592 1798 612 1826 ‚
666 1761 934 1835 quaedam
971 1780 1364 1827 PRoposn’rAE
1388 1802 1407 1831 ,

73 1838 496 1907 -LEcTAEffi-liae
522 1842 629 1894 ὅτε.
691 1836 785 1893 Sic
814 1854 875 1894 ut
902 1837 1056 1893 illinc
1089 1839 1286 1916 colligi
1319 1859 1409 1911 ue-

73 1931 245 1992 queat
269 1934 539 1991 ‚quaenam
565 1915 710 1992 leges
740 1931 987 1988 tempore
1015 1914 1150 1980 alias
1167 1915 1410 1989 praeces-

72 1993 250 2065 serint.
284 2058 297 2060 -
331 1993 611 2050 Praeterea
642 1991 909 2048 Consules
939 1992 1175 2051 maxime
1200 2009 1327 2051 ante
1347 2015 1409 2052 o-

74 2070 229 2141 culos
255 2069 447 2133 habuit
478 2067 642 2126 frater
674 2088 822 2126 meus
854 2107 873 2135 ,
926 2071 982 2136 ὃς
1025 2088 1194 2126 annos
1226 2116 1239 2136 ,
1299 2091 1412 2130 non

76 2147 196 2205 dies
238 2162 333 2204 aut
360 2146 595 2212 menseS‚
628 2162 912 2220 propterea
952 2166 1137 2204 curare
1186 2147 1412 2218 debuit,

76 2225 208 2301 quia
240 2223 343 2289 soli
377 2223 621 2282 consules
646 2224 911 2281 ordinarii
935 2224 1152 2301 legibus
1184 2225 1414 2285 subscri-

76 2304 163 2377 μὶ
188 2301 327 2357 sunt:
348 2302 598 2376 adeoque
615 2302 774 2377 quod
801 2302 872 2359 ad
899 2304 1121 2370 nomina
1134 2302 1413 2363 consulum

77 2379 303 2445 attinet.
350 2378 460 2435 five
482 2378 671 2436 Idibus
697 2379 914 2437 Martiis
941 2377 1049 2436 five
1075 2380 1414 2456 Septembri-

77 2457 178 2530 bus
205 2456 363 2514 datae
378 2454 617 2514 ferantur
639 2455 809 2534 leges,
832 2456 1023 2526 eadem
1044 2459 1266 2517 nomina
1281 2478 1415 2517 con-

76 2532 254 2591 sulum
286 2533 585 2611 subscripta
600 2533 864 2611 legentur.
922 2535 1053 2593 Nec
1083 2539 1270 2614 potuit
1290 2537 1417 2600 sane
