1612 2970
302 152 1139 215 PRAEFATIO.

59 302 280 351 nuatam
318 309 416 367 per
454 310 550 350 x11
582 311 751 351 annos
779 291 1175 368 praestituram
1207 315 1312 372 pro
1340 319 1402 355 u-

43 374 149 430 ‘nae'vj
190 369 645 430 ·raefe&uraolim
677 372 919 428 habitam
947 370 1123 436 fuisse,
1160 374 1312 432 secus
1340 396 1404 432 ac

110 459 115 462 “
174 455 245 504 'ea
262 487 281 514 ,
299 449 528 524 quando
543 451 841 522 quotannis
868 449 1172 524 praefestus
1188 454 1406 510 creaba-

52 539 185 597 rut,
223 525 494 602 &primo
520 545 664 582 anno
697 526 856 583 semel
875 527 1080 594 ,altero
1097 529 1179 587 bis
1204 569 1220 594 ‚
1250 547 1404 604 prae-

48 599 232 661 festus
245 603 365 660 dici
380 602 607 660 debuit:
640 623 802 680 aquo
820 621 1070 681 tempore
1101 607 1239 680 (illo
1255 626 1405 664 nem-

51 697 126 755 pe
153 699 279 756 quo
299 679 434 737 haec
463 679 801 756 pnaefestura
830 702 1006 739 annua
1029 682 1183 741 saeba<
1202 684 1305 755 est)
1319 703 1405 742 us-

51 772 166 831 que
189 759 262 814 ad
292 771 522 814 aetatem
551 759 702 814 fuam
739 759 855 814 Dio
882 759 1100 836 „scripsit
1128 765 1404 820 neminem

50 847 143 891 ter*
161 833 493 909 praefestum
525 838 647 892 urbi
676 835 850 892 fuiss‘e.

48 939 55 943 ·
129 913 258 970 Hos
288 914 444 988 quod
470 914 669 970 attinet
702 933 957 970 numeros
977 953 994 981 ‚
1034 915 1242 991 quibus
1270 936 1402 972 con-

44 987 251 1059 sulatus
287 991 539 1058 iterum,
592 1009 708 1057 ter,
749 1008 1012 1068 quaterve
1040 991 1176 1068 gesti
1212 992 1403 1050 distin-

45 1080 325 1143 guuntur,
377 1069 724 1126 observatum
763 1073 874 1145 jam
902 1069 979 1125 est
1009 1091 1039 1126 a
1082 1069 1246 1128 fratre
1276 1092 1403 1129 meo

45 1146 294 1209 waliis,
343 1142 500 1222 saepe
530 1167 762 1204 numero
806 1149 860 1204 in
906 1145 1055 1205 fastis
1086 1150 1403 1217 veteribus,

44 1236 219 1296 quum
248 1223 438 1298 eadem
468 1227 690 1282 nomina
707 1225 994 1282 consulum
1012 1225 1158 1282 haud
1190 1228 1268 1283 ita
1286 1247 1399 1284 ma-

44 1317 162 1374 gno
191 1299 488 1355 intervallo
516 1321 781 1358 annorum
813 1324 841 1359 a
861 1303 911 1358 se
940 1305 1187 1360 invicem
1217 1300 1398 1363 divisa

45 1377 356 1452 legerentur
370 1391 434 1431 ut
463 1379 615 1431 credi
637 1379 813 1450 poffet
843 1381 1068 1435 eosdem
1100 1381 1228 1437 illos
1256 1380 1396 1439 fuis-

43 1451 100 1510 se
127 1491 146 1520 ,
188 1471 480 1527 quumque
507 1452 740 1508 secunda
769 1455 892 1508 vice
932 1473 1131 1510 nomen
1159 1457 1396 1533 aliquod

43 1546 357 1587 occurreret
373 1567 388 1594 ‚
406 1530 744 1604 adscriptum
774 1529 931 1586 fuiffe
958 1551 1243 1589 numerum
1261 1554 1401 1590 con-⁷

40 1607 247 1675 sulatus
273 1605 533 1673 secundi,
565 1626 738 1683 quum
784 1624 864 1664 ter
904 1610 1089 1674 tertii,
1117 1626 1287 1686 atque
1315 1613 1392 1670 ita
1473 1678 1475 1684 ,
1520 1688 1522 1690 ‚

41 1685 306 1760 deinceps
323 1698 335 1740 ὲ
353 1686 611 1759 quamvis
638 1703 706 1740 ex
726 1686 1008 1743 annalibus
1026 1692 1079 1742 &
1108 1707 1389 1746 commen-

41 1764 192 1822 tariis
235 1760 507 1819 historicis
549 1762 769 1819 illorum
825 1779 1136 1838 temporum
1178 1765 1390 1842 liqueat

41 1860 155 1897 non
193 1839 353 1897 fuisse
382 1840 508 1898 illos
536 1840 780 1898 consules
812 1842 1054 1898 eosdem.
1137 1844 1387 1915 Verum,

39 1920 127 1976 uti
159 1917 270 1975 hoc
303 1918 469 1993 pasto
500 1919 713 1975 numeri
745 1917 1117 1976 consulatibus
1145 1921 1387 2000 adscrip..

36 1997 86 2054 ti
125 1995 385 2072 leguntur
415 1997 517 2072 qui
545 1997 610 2053 iis
641 2015 750 2052 non
778 1998 1120 2054 conveniunt
1147 2043 1171 2065 ,
1192 2000 1289 2057 ·ita
1317 2003 1386 2078 ab

37 2073 205 2132 altera
231 2091 386 2149 parte
411 2074 645 2150 negleffi
672 2072 894 2132 fuerunt
919 2075 1099 2131 multo
1125 2075 1387 2154 frequen-
1459 2138 1462 2141 ,

38 2153 150 2210 tius
177 2152 391 2208 numeri
417 2171 561 2226 quos
586 2152 892 2228 adscriptos
918 2154 1172 2227 oportuit
1204 2183 1218 2213 ε
1272 2176 1386 2232 qua

37 2229 98 2286 in
126 2249 183 2286 re
209 2227 378 2285 fastos
403 2227 672 2286 illustrant
689 2231 1051 2288 &emendant
1080 2233 1385 2307 plurimum

39 2307 423 2383 inscriptiones
450 2322 695 2364 veterum
727 2308 995 2366 saxorum.
1063 2317 1254 2387 Atque
1287 2313 1385 2370 ad-

37 2404 108 2440 eo
148 2405 320 2461 quum
366 2384 583 2442 laudata
623 2386 881 2445 videmus
910 2387 1062 2465 apud
1110 2391 1385 2465 quosdam

36 2476 246 2519 veteres
288 2462 574 2520 consulum
616 2465 764 2538 paria
803 2463 918 2522 fine·
948 2467 1094 2522 notis
1133 2481 1384 2526 numero-

38 2558 160 2599 rum
210 2557 293 2597 11.
330 2557 426 2599 aut
470 2561 532 2601 11
552 2561 594 2599 1.
626 2545 682 2598 &
712 2543 863 2620 apud
889 2542 1024 2603 alios
1065 2544 1166 2602 hos
1193 2565 1385 2603 nume-

1293 2642 1400 2684 rOS'
1437 2683 1443 2691 ,
