1612 2970
443 147 1246 212 PRAEFATIO.

172 284 337 360 possit
352 304 475 343 cum
504 283 700 344 nostris
723 279 872 343 cifris
900 285 1072 360 vulgo
1104 283 1270 342 dietis
1298 280 1416 341 illas
1430 280 1513 341 tass

173 364 315 422 bella
332 364 385 419 in
401 380 488 419 aes
505 362 673 419 incisa
688 362 862 420 oculis
878 362 1124 434 subjicio,
1143 362 1301 417 Haec
1313 360 1510 419 obiter.

174 442 318 516 Quis
344 459 477 516 ergo
495 454 778 527 non-putet
809 437 1054 495 debuisse
1075 453 1280 494 veteres
1305 439 1513 495 Roma-

60 539 68 546 ·
118 537 121 540 ’
171 534 270 575 nos
287 537 387 593 pro
405 536 641 573 numeris
661 533 895 592 integras
912 535 1074 572 voces
1100 515 1296 590 eligere
1314 553 1330 580 ‚
1346 529 1409 570 ut
1425 532 1513 585 or·-

170 596 358 652 dinem
379 609 472 650 aut
498 594 646 649 vices
676 594 764 649 vel
782 593 1160 651 consulatuum
1182 592 1270 647 vel
1289 591 1511 647 aliarum

172 690 350 728 rerum
372 685 639 727 notarent.
657 670 766 727 Sed
786 689 884 726 nec
902 670 1042 726 illud
1064 686 1243 726 tutum
1263 668 1513 744 aliquan-

168 748 246 804 do
274 747 446 804 visum
477 746 569 803 est.
647 749 837 821 Quum
867 747 1162 820 Pompejus
1190 745 1376 804 aedem
1408 744 1514 804 Vi-

171 825 372 882 &oriae
400 825 749 881 dedicaturus
781 823 923 881 foret
949 868 974 891 ,
1026 825 1216 900 quaeri
1249 837 1512 904 coeptum
1550 893 1553 898 ,

170 899 248 958 est
266 917 448 958 utrum
477 898 663 958 consul
689 904 856 959 tertio
884 921 949 958 an
980 903 1200 957 tertium
1225 898 1514 956 inscriben-

170 980 306 1036 dum
338 978 483 1035 esset.
567 980 770 1035 Cicero
800 994 863 1038 ut
891 998 1001 1034 rem
1039 981 1093 1034 in
1123 977 1384 1052 ambiguo
1411 976 1516 1032 lin-

171 1072 367 1133 queret
399 1056 577 1112 voluit
605 1073 797 1112 TERT.
829 1055 1019 1113 scribi:
1065 1055 1155 1111 sed
1183 1074 1284 1130 pro
1309 1073 1378 1110 eo
1412 1073 1517 1120 111,

172 1134 345 1190 tribus
390 1132 606 1190 lineolis
633 1132 813 1190 incisis
845 1172 861 1198 ,
916 1150 1169 1189 numerus
1204 1132 1358 1188 tertii
1386 1148 1517 1187 con-

169 1210 373 1267 sulatus
410 1212 465 1266 in
497 1208 614 1286 ipso
645 1209 904 1266 aedificio
932 1208 1268 1289 significatus
1299 1207 1376 1263 est
1396 1245 1415 1272 ‚
1455 1226 1518 1264 u-

170 1291 218 1344 ti
250 1286 461 1343 Gellius
491 1301 665 1343 narrat
698 1286 942 1343 nochum
981 1283 1285 1347 Atticarum
1319 1283 1414 1339 lib.
1457 1302 1517 1342 x.

171 1383 293 1439 cap.
335 1383 379 1419 1.
426 1363 799 1439 Hieronymus
830 1362 1057 1438 quidem
1088 1361 1314 1440 Magius
1343 1360 1526 1419 varia-2

80 1463 84 1465 *
170 1430 290 1496 rum
323 1441 621 1496 lectionum
665 1439 759 1495 lib.
797 1457 920 1494 ιιι.
957 1457 1078 1514 cap.
1105 1459 1156 1514 9.
1200 1453 1411 1496 certum
1439 1437 1519 1496 es-

169 1518 222 1574 se
250 1531 407 1592 putat
434 1555 451 1582 ,
493 1531 744 1590 oportere
784 1515 903 1571 dici
936 1516 1097 1572 tertio
1123 1515 1314 1589 constal,
1345 1520 1518 1592 quan-

169 1594 482 1668 doquidem
514 1591 882 1668 antiquissima
912 1591 1115 1667 lapidis
1135 1590 1425 1668 inscriptio
1443 1591 1520 1650 est

170 1673 229 1727 in
261 1688 375 1745 quo
414 1669 614 1745 legitur
660 1686 914 1725 ITERVM
964 1687 1045 1722 ET
1088 1667 1340 1727 TER-rto
1386 1688 1519 1730 cos,

171 1749 239 1804 ln
278 1744 530 1803 thesauro
570 1761 750 1801 tamen
793 1745 1213 1820 inscript-ionum
1240 1745 1521 1806 Gruteria.

175 1822 361 1881 narum
405 1821 505 1879 fol.
546 1840 712 1879 xxm.
744 1840 895 1879 num.
944 1842 1032 1890 ιι.
1087 1842 1154 1880 ex
1209 1823 1521 1882 Mazochio

174 1901 429 1959 scribitur
476 1918 557 1955 ET
599 1905 920 1956 TERTrvM.
1010 1899 1185 1976 Quod
1229 1902 1392 1976 plane
1422 1903 1521 1960 ad-

173 1978 383 2039 versum
413 1976 545 2034 ess‘et
575 1976 869 2034 sententiae
902 1976 1114 2054 Magn:
1158 1997 1257 2035 nec
1295 1979 1522 2056 Magius

176 2055 320 2112 hanc
375 2055 791 2129 inscriptionem
848 2054 1110 2112 attulisset
1168 2057 1238 2112 ad
1302 2055 1521 2117 firman-

177 2134 303 2191 dam
337 2133 659 2207 opinionem
683 2132 856 2200 suam,
883 2131 920 2188 s1
950 2132 1036 2195 vel
1056 2132 1347 2190 dubitasset
1374 2154 1442 2192 an
1462 2136 1521 2192 in

178 2209 301 2284 ipso
330 2209 518 2286 lapide
550 2247 566 2274 ,
624 2211 723 2285 qui
751 2210 915 2286 ipsius
946 2225 1119 2267 aetate
1152 2213 1367 2268 Romae
1394 2256 1418 2285 ,
1457 2229 1522 2270 ut

177 2287 421 2355 scribit,
475 2286 749 2345 visebatur
782 2327 798 2355 ‚
851 2288 1135 2344 haberetur
1179 2290 1402 2345 tertium
1450 2309 1520 2347 an

179 2366 361 2422 tertio,
442 2365 654 2424 Verum
703 2366 781 2422 nil
829 2366 1057 2444 Magius
1087 2365 1275 2423 effecit
1313 2368 1522 2442 produ-

152 2441 360 2519 ‘cendo
387 2441 540 2499 illam
571 2442 983 2519 inscriptionem
1016 2465 1028 2499 :
1086 2444 1348 2520 quoniam
1391 2446 1523 2502 inde

117 2591 120 2596 ,
181 2534 396 2579 tantum
434 2536 668 2598 apparet
685 2541 754 2580 eo
792 2536 1039 2597 tempore
1068 2541 1185 2599 quo
1210 2521 1307 2580 illa
1341 2529 1523 2582 exara-

1468 2614 1525 2658 ta
