1586 2944
95 166 206 242 ‘508

97 251 228 283 ωηο.
282 250 362 282 chr.

108 323 375 339 —-———··’·-‘'-‘

103 382 229 435 1144
268 376 362 430 392

529 151 1037 226 ‘FAST'I

466 373 639 436 fimtun
709 369 863 422 Antea
903 367 1030 418 idem
1053 366 1234 435 scripsit
1259 366 1498 419 Theodo-

479 439 601 490 fium
616 473 632 502 ,
650 453 845 489 mortuo
858 435 1085 504 Cynegio
1108 435 1349 501 praefesto
1361 453 1496 503 prae-

480 507 590 556 torii
615 546 631 569 ,
659 505 947 556 substituifl'e
979 503 1268 563 Tatianum,
1303 505 1356 555 δε
1391 502 1497 554 filio

483 572 628 639 ipfius
662 573 873 624 Proculo
895 568 1242 640 praefesturam
1261 570 1394 622 urbis
1414 571 1497 620 de·
1538 614 1542 620 .

479 640 611 691 disse.
681 642 760 691 De
798 641 1006 693 Proculo
1039 639 1090 689 &
1117 637 1327 690 Tatiano
1348 638 1498 690 Clau·
1572 632 1575 636 ¹

485 708 652 770 dianus
676 709 709 758 1.
741 728 782 762 x.
808 708 857 770 in
880 706 1120 760 Rufinum
1137 740 1155 769 ,

783 851 785 853 ,
880 803 1096 868 juvenum
1117 804 1308 848 rorantia
1328 803 1427 851 colla

534 874 661 927 Ante
674 887 852 940 patrum
883 872 1028 919 vultus
1057 867 1201 931 strifla
1233 870 1421 920 cecidere
1431 871 1501 932 se-

671 957 782 988 curt.

533 1004 631 1054 Ibat
647 1006 926 1073 grandaevus
943 1020 1038 1056 nato
1062 1008 1261 1062 moriente
1276 1003 1472 1074 fhperstes

534 1072 628 1134 1³0st
662 1074 833 1122 trabeas
855 1077 975 1128 exul.

419 1153 495 1206 De
524 1154 720 1206 Tauani
755 1154 866 1206 affis
906 1153 1094 1205 resci‘ffis
1123 1188 1141 1214 ,
1201 1153 1505 1220 publicisque

487 1221 912 1271 constitutionibus
934 1239 959 1271 a
983 1219 1263 1273 Theodofio
1291 1219 1508 1272 infirma-

487 1288 547 1345 tis
574 1287 686 1337 vide
720 1290 752 1334 l.
799 1305 873 1338 12.
911 1305 985 1350 13.
1012 1287 1115 1335 Cod.
1147 1287 1307 1336 Theod.
1335 1288 1390 1337 de
1413 1287 1507 1336 bon.

475 1356 746 1422 profi-raptor.
766 1357 798 1402 l.
813 1367 897 1423 23.
920 1356 972 1402 de
986 1371 1139 1403 annon.
1161 1352 1213 1402 &¹
1234 1354 1333 1404 trib.
1346 1359 1378 1405 1.
1396 1372 1415 1405 1
1429 1375 1450 1421 3
1465 1375 1525 1409 ιω

486 1422 541 1470 de
573 1423 784 1471 decurion.
833 1423 885 1473 &
910 1421 968 1471 de
996 1421 1112 1474 mstis
1143 1421 1340 1475 Proculi
1356 1421 1395 1472 l.
1417 1439 1509 1484 a121.
1559 1462 1561 1464 -

490 1490 545 1538 de
572 1508 725 1540 annon.
747 1495 834 1539 civ.
871 1489 964 1540 Sed
982 1490 1138 1557 postea
1154 1504 1352 1542 mortuo
1367 1490 1510 1542 The·
1580 1522 1586 1526 -

489 1556 656 1609 odofio
695 1557 926 1609 Arcadius
958 1595 973 1617 ‚
1029 1573 1184 1623 quum
1217 1557 1436 1609 Rufinus
1466 1575 1508 1609 a.

531 1643 609 1689 95.
644 1625 856 1676 criminis
900 1624 1148 1691 majestatis
1175 1640 1283 1676 reus
1313 1625 1511 1677 interfe-

541 1711 596 1745 us
616 1694 759 1755 effet,
795 1692 890 1758 ipsa
906 1690 1086 1742 Rufini
1108 1690 1209 1742 asta
1231 1690 1510 1745 infirmavit.

493 1761 605 1810 vide
639 1762 672 1808 l.
712 1778 758 1820 9.
790 1761 893 1808 Cod.
927 1759 1086 1808 Theod.
1119 1759 1174 1813 de
1194 1761 1359 1827 indulg.
1383 1765 1510 1810 crim.
1579 1786 1584 1790 ¹

490 1826 724 1885 Meminit
746 1826 889 1892 hujus
904 1826 969 1875 rei
995 1825 1136 1882 etiam
1161 1826 1377 1879 Asterius
1396 1828 1511 1893 (vid.

490 1893 622 1962 Pagii
648 1892 877 1949 Criticam
897 1893 1105 1950 annaLad
1125 1911 1164 1944 a.
1172 1899 1306 1960 395.)
1331 1896 1382 1947 &
1398 1913 1513 1948 con-

493 1961 642 2013 sulem
677 1978 832 2013 unum
869 1959 1176 2023 (Rufinum)
1196 1962 1349 2030 capite
1375 1978 1514 2015 trun-
1584 1963 1586 1965 ’

450 2080 454 2081 ⁷
496 2045 654 2084 catum
679 2064 696 2090 ‚
741 2029 942 2082 alterum
965 2029 1305 2093 (Timafium)
1342 2030 1391 2081 in
1422 2031 1513 2091 Li.

495 2096 615 2163 byae
638 2096 788 2146 arenis
813 2097 1029 2154 exulem,
1068 2097 1268 2148 tertium
1307 2098 1515 2161 (Abun-
1579 2126 1586 2143 2

499 2163 748 2224 dantium)
785 2162 834 2212 in
859 2163 1097 2214 Colchide
1121 2180 1363 2216 extorrem
1385 2168 1514 2218 vive-

499 2248 550 2282 re
571 2231 730 2282 scrnbit
754 2248 766 2279 :
817 2247 949 2284 antea
978 2231 1109 2284 enim
1142 2231 1371 2293 Sidonem
1395 2234 1513 2295 exul

497 2298 654 2351 miffus
671 2298 842 2351 fuerat.

1390 2602 1516 2671 Imp.
