1612 2970
499 99 1310 186 PRAEFATIQ

219 248 313 332 sptu'
336 263 391 324 [25
417 261 610 334 senatu
653 255 886 322 in'dmno
915 256 1178 315 Palatina
1204 251 1568 319 Commodiana

221 335 616 412 -const’rvandus
647 355 715 392 xr
754 334 1006 391 kalendas
1045 331 1312 391 Romana}
1328 336 1362 400 ,‘
1389 332 1566 390 Prae-

217 416 372 495 sente
400 417 595 471 iterum
637 410 849 487 consule.
932 418 1094 468 Anno
1130 414 1230 469 188
1278 409 1571 478 Fuscianus

223 492 421 549 'consul
451 491 561 548 fuit
599 490 670 544 ll.
701 495 754 545 δε
786 489 1001 546 Silanus
1030 510 1041 544 :
1102 488 1194 544 sed
1225 488 1317 544 hic
1361 486 1600 543 occisus·

233 570 312 627 est
333 566 474 646 jussu
506 567 814 622 Commodi
844 569 899 620 &
932 585 1128 625 nomen
1156 568 1265 639 ejus
1293 585 1325 621 e
1356 562 1503 621 fastis
1518 584 1572 620 e·

237 648 430 703 rasum.
512 645 651 700 Ideo
704 643 1052 718 Lampridius
1102 644 1245 699 hunc
1301 658 1501 698 annum
1547 661 1578 701 a

232 726 351 782 solo
379 720 629 781 Fusciani
658 719 941 777 consulatu
976 734 1293 792 nuncupat,
1332 718 1574 774 ibidem:

234 813 365 857 vota
381 813 486 876 pro
515 818 569 855 eo
585 798 749 871 fabJa
765 800 897 871 sunt
925 800 1072 854 nonis
1099 798 1224 855 Piis
1253 836 1271 863 ,
1324 795 1580 870 Fusciano

229 879 432 942 iterum
460 876 674 947 conside.
721 874 884 930 Nihil
902 875 1100 940 addam
1127 875 1201 931 de
1226 874 1445 930 illorum
1472 871 1581 927 sae-

241 954 492 1010 culorum
521 952 832 1009 consulibus
859 953 959 1027 qui
982 950 1103 1028 post
1134 950 1347 1008 sciffum
1381 951 1438 1006 in
1469 949 1579 1005 ori-

238 1032 418 1087 entale
465 1037 518 1086 ὅτ
558 1029 900 1095 occidentale
930 1030 1226 1104 imperium
1272 1029 1533 1084 vixerunt
1563 1063 1582 1091 ,

235 1108 472 1183 quando
500 1104 811 1183 frequenter
843 1127 981 1164 unus
997 1107 1167 1162 modo
1197 1105 1387 1162 consul
1416 1104 1472 1160 in
1501 1100 1582 1159 fa-

239 1184 331 1242 stis
364 1184 564 1262 legitur
593 1190 647 1241 &
666 1186 922 1241 alter-aut
947 1184 1180 1239 omnino
1206 1202 1315 1238 non
1340 1195 1452 1244 erat
1468 1198 1583 1236 cre-

240 1266 393 1327 atuS,
434 1277 527 1318 aut
574 1262 815 1317 nondum
851 1263 1056 1336 ubique
1090 1276 1348 1316 terrarum
1395 1256 1587 1332 cogni-

239 1355 360 1395 tum
390 1354 501 1394 erat
522 1340 646 1415 quis
675 1338 803 1393 esset
831 1336 1134 1412 designatus
1151 1376 1168 1402 ,
1187 1337 1319 1412 quia
1347 1334 1440 1391 hic
1471 1332 1586 1410 ipse

240 1415 377 1472 liber
406 1415 528 1471 satis
559 1412 729 1469 multa
757 1414 1013 1489 exempla
1045 1415 1315 1471 continet.

318 1492 493 1566 Quod
522 1488 559 1545 fi
588 1490 907 1546 haberemus
943 1491 1154 1548 indices
1175 1490 1458 1552 consulum
1478 1487 1588 1547 suf-

239 1567 514 1624 'fenorum
562 1586 737 1641 aeque
764 1586 825 1622 ac
865 1567 1266 1623 ordinariorum
1288 1607 1306 1634 ‚
1359 1587 1457 1641 per
1487 1567 1589 1625 tria

240 1644 336 1705 illa
372 1643 580 1698 saecula
601 1662 740 1718 quae
785 1645 962 1719 prima
988 1664 1016 1699 a
1046 1643 1332 1700 consulatu
1362 1643 1462 1699 illo
1493 1643 1586 1718 Ju-

239 1721 309 1781 lii
345 1719 587 1776 Caesaris
607 1763 630 1784 ,‚
656 1736 824 1794 quem
861 1720 974 1776 Dio
1004 1720 1216 1778 Cassius
1248 1721 1343 1777 lib.
1378 1738 1526 1778 xLu
1545 1739 1591 1776 1.

245 1798 464 1853 notavit
487 1835 506 1863 ‚
524 1795 800 1853 fluxerunt
820 1802 970 1872 (quo
998 1796 1172 1871 spatio
1200 1796 1312 1854 fere
1344 1797 1592 1854 consules

245 1871 463 1931 suffeffi
496 1874 892 1947 continentur)
948 1876 1000 1932 ἃ
1040 1893 1108 1931 ex
1139 1875 1509 1932 bibliothecae
1537 1896 1592 1939 a,-

247 1950 446 2025 licujus
480 1951 719 2026 Ulpiae,
745 1967 838 2006 aut
868 1952 1118 2025 porticus
1139 1951 1591 2028 Porphyreticae,

247 2028 479 2084 armario
523 2028 846 2103 depromere
878 2026 1191 2087 istiusmodi
1242 2031 1494 2085 codicem
1526 2030 1595 2084 li-

248 2119 433 2169 ceret,
462 2104 521 2160 id
542 2104 769 2180 quidem
787 2104 857 2161 ad
885 2104 1305 2182 subscriptiones
1333 2106 1515 2183 legum
1536 2107 1594 2162 in

249 2180 474 2238 Codice
496 2181 843 2255 justinianeo
892 2198 986 2247 aut
1027 2183 1457 2250 Theodosiano,
1496 2183 1595 2239 ubi

191 2311 194 2313 ,
249 2275 358 2312 non
391 2258 486 2314 nisi
515 2259 913 2316 ordinariorum
941 2262 1161 2318 nomina
1187 2261 1458 2339 leguntur,
1481 2279 1591 2316 non

247 2335 510 2400 multum,
525 2335 615 2392 sed
633 2335 701 2391 ad
721 2335 1131 2394 illustrationem
1151 2340 1381 2396 aliorum
1400 2356 1596 2401 monu-

250 2427 560 2485 mentorum
578 2413 858 2472 vetustatis
864 2414 1105 2482 ‚faceret
1137 2418 1297 2491 Quot
1315 2434 1425 2471 non
1443 2433 1594 2493 prae-

249 2490 481 2552 nomina
521 2490 831 2550 consulibus
871 2492 1163 2560 ordinariis
1208 2492 1481 2570 adscripta
1515 2510 1596 2548 re-

1425 2569 1592 2631 duce-.
