1612 2970
505 128 1319 191 PRAEFATIO.

225 281 312 326 ros
342 264 563 325 additos
587 265 952 341 conspicimus
982 306 1000 333 ,
1056 284 1163 323 non
1191 263 1436 323 diffiteor
1477 282 1567 335 me

226 358 373 401 certe
404 348 457 400 in
507 345 658 400 illam
689 344 1009 415 sententiam
1042 343 1430 420 procliviorem
1461 343 1567 401 esse

227 440 370 497 quae
395 421 683 479 addendos
712 421 837 478 illos
863 421 1156 478 existimat.
1228 419 1380 478 Nam
1413 438 1567 478 cotn-

226 497 421 574 pendii
465 498 621 555 causa
660 497 817 572 saepe
863 499 1106 555 solebant
1149 497 1208 554 hi
1252 499 1466 555 numeri
1504 518 1568 554 o·

228 576 379 648 mitti
401 578 601 642 ,etiam
633 575 784 631 abiis
817 577 915 651 qui
947 595 1055 634 non
1087 575 1411 651 ignorabant
1440 575 1570 633 illos

229 652 473 709 consules
515 654 711 709 iterum
752 669 902 710 terve
930 651 1103 710 fuisse.
1184 651 1346 708 Plura
1381 669 1569 709 exem—

273 730 324 787 la
355 748 422 786 ex
458 728 540 786 his
572 728 698 804 ipfis
724 727 873 788 fastis
903 731 1102 805 colligi
1131 728 1343 805 possent
1372 767 1391 795 ,
1444 731 1572 806 qui-

229 749 332 864 {us
371 807 636 863 docemur
670 809 826 883 jungi
866 807 1101 873 duorum
1144 805 1433 864 consulum
1467 826 1569 863 no·

230 885 381 941 mina
409 880 515 940 fine
542 898 671 939 nota
701 883 1010 942 consulatus
1037 885 1235 940 iterum
1267 882 1406 959 gesti
1432 922 1450 950 ,
1490 900 1573 940 et-

231 960 382 1018 iamsi
412 961 454 1018 is
480 959 790 1034 consulatus
819 961 1086 1019 secundus
1116 960 1317 1028 fuerit,
1358 964 1415 1017 &
1443 978 1605 1017 con*a

232 1032 367 1096 sules
396 1058 489 1095 eos
507 1037 765 1095 suffeetos
795 1037 903 1095 five
923 1038 1238 1096 honorat-ios
1265 1052 1421 1095 antea
1436 1035 1569 1095 fuis-

235 1115 289 1172 se
317 1131 526 1172 certum
555 1114 633 1173 fit.
716 1115 886 1183 Nee,
926 1133 984 1174 ut
1012 1136 1200 1173 verum
1234 1113 1404 1173 fatear
1421 1154 1441 1182 ,
1482 1134 1575 1171 ne-

238 1192 515 1249 cessarium
536 1192 752 1249 videtur
779 1193 945 1260 addi,
972 1194 1041 1249 ad
1071 1193 1460 1250 declarandum
1479 1210 1598 1251 an-.

237 1289 366 1326 num
396 1288 511 1344 quo
537 1269 755 1344 aliquid
785 1271 1057 1344 contigit,
1099 1269 1417 1326 nominibus
1444 1287 1580 1326 con-

237 1346 414 1404 sulum
443 1364 726 1402 numerum
755 1347 1085 1421 quiindicet
1104 1361 1309 1419 quotus
1337 1346 1430 1403 ille
1446 1365 1578 1403 con-

239 1424 439 1480 sulatus
482 1420 692 1478 fuerit:
746 1422 871 1478 satis
899 1424 1045 1478 enim
1087 1421 1388 1498 distinguit
1427 1423 1578 1480 hune

239 1498 575 1556 consulatum
610 1499 677 1557 ab
705 1498 827 1556 aliis
857 1500 1071 1574 collega
1099 1500 1149 1554 ei
1178 1500 1354 1558 datuS.
1437 1501 1581 1560 Ver-

239 1572 299 1633 bi
368 1577 500 1632 ratia
529 1593 700 1649 quum
730 1576 863 1632 dico
890 1614 907 1641 ,
951 1575 1182 1650 Juliano
1222 1581 1276 1631 δε
1317 1575 1583 1652 Crispino

242 1596 369 1708 coi}
414 1651 618 1707 clarum
647 1650 724 1707 est
756 1670 957 1707 annum
1002 1671 1154 1709 aerae
1181 1653 1419 1730 vulgaris
1450 1673 1581 1729 224.

243 1730 422 1786 notari
450 1767 468 1795 ‚
520 1726 728 1783 etiamsi
757 1746 866 1782 non
898 1727 1099 1785 addam
1141 1729 1484 1788 consulatum
1513 1732 1581 1787 il-

242 1803 356 1864 lum
381 1805 586 1881 Juliani
616 1803 914 1860 secundum
945 1804 1102 1862 fuiss'e
1131 1828 1144 1862 :
1198 1823 1365 1882 atque
1400 1810 1477 1865 ita
1502 1823 1585 1865 et·

243 1884 353 1939 iam
383 1884 440 1938 in
472 1880 958 1956 subscriptionibus
999 1883 1182 1959 legum
1213 1884 1453 1944 Codicis
1477 1885 1582 1960 Ju-

245 1954 497 2018 stinianei
530 1959 698 2015 video
725 1960 896 2035 modo
933 1958 1094 2018 scribi
1116 1961 1348 2037 Juliano
1376 1966 1428 2021 &
1455 1964 1586 2019 Cri-

246 2037 408 2113 spino
445 2033 574 2093 coff.
614 2035 783 2092 modo
821 2037 1049 2113 Juliano
1089 2039 1165 2096 11.
1207 2044 1260 2096 &
1296 2039 1581 2116 Crispino.

248 2115 384 2174 Nec
423 2114 568 2170 enim
612 2113 746 2170 alius
798 2133 966 2173 annus
1010 2112 1121 2172 fuit
1175 2135 1292 2192 quo
1327 2117 1586 2194 Julianus

253 2204 380 2249 c'um
421 2189 686 2266 Crispino
729 2191 918 2248 consul
948 2190 1076 2249 fuit.
1156 2195 1343 2268 Quare
1375 2213 1484 2252 non
1527 2214 1589 2251 o-

249 2283 436 2346 portet
464 2268 591 2331 illos
618 2267 731 2325 dici
756 2289 926 2327 errare
945 2309 961 2337 ,
1002 2285 1095 2327 aut
1124 2268 1308 2330 locum
1342 2272 1397 2328 in
1438 2291 1588 2328 men-

252 2343 330 2403 do
378 2345 610 2411 cubare,
640 2345 863 2421 quando
914 2366 1164 2406 numerus
1217 2349 1415 2407 iterum
1450 2348 1590 2425 gesti

251 2421 562 2488 consulatus
608 2442 716 2478 non
756 2424 1071 2501 adjungitur
1107 2426 1321 2490 nomini
1354 2426 1590 2485 consulis

252 2501 357 2576 qui
382 2499 576 2558 iterum
602 2499 789 2559 consul
822 2501 914 2562 est.
986 2504 1117 2562 Nec
1147 2502 1240 2562 illa
1269 2521 1589 2563 monumen-

1538 2597 1594 2640 ta
