1578 2918
664 324 699 361 >x
887 323 920 359 δὲ

186 450 434 500 Numeros
456 459 686 500 annorum
711 441 838 493 urbis
859 444 1105 508 conditae,
1142 444 1334 566 ίῑῃέιιὶίε
1354 462 1471 499 con·

116 518 263 570 sulum
283 514 477 586 paribus
494 512 751 582 adscriptos
772 548 789 575 ‚
835 511 897 562 &c
912 514 961 563 in
984 514 1122 564 initio
1144 531 1193 566 re
1245 520 1272 566 e
1297 515 1475 574 edifiti-

116 601 246 645 tutos
265 622 282 648 ,
330 583 555 654 paulatim
586 583 648 634 ita
685 582 918 633 cernimus
950 581 1159 645 aberrare
1176 619 1195 648 ,
1241 598 1294 635 ut
1326 600 1472 634 annus

116 655 296 706 ultimis
329 650 595 702 consulibus
626 650 883 721 adscriptus
909 669 934 701 a
970 668 1086 702 vero
1118 651 1348 722 discrepet
1369 650 1475 720 plu-

116 724 244 781 rium
266 738 496 773 annorum
519 718 798 773 discrimine.
869 719 1123 771 Veriffirne
1143 721 1325 792 scripsit
1345 721 1475 773 Dio-

116 808 149 841 n
185 792 271 842 fius
316 788 721 841 Halicarnaffenfis
757 788 1114 858 Antiquitatum
1148 790 1476 849 Romanarum

116 860 152 910 li
190 898 199 909 .
232 878 292 912 vl
308 878 350 909 1.
402 862 598 925 Ὀλίγαις
631 855 706 921 sta-53⁴)
739 856 783 906 ἓν
825 859 933 908 ’ἔτεσι
969 861 1219 926 diapente-r&
1253 865 1292 908 ’ἒ
1323 858 1476 924 χρὲνων

119 931 208 983 δοίη
234 951 294 981 τις
321 927 371 978 ὁὲν
396 937 575 992 ῖςορικοῖς
612 926 810 994 ἀνδρεία-ιν
836 931 1028 994 ἀρχαίοις
1054 929 1122 990 »ιρὰ
1146 935 1360 980 πολυετεῖς
1380 948 1479 976 συν-

121 996 379 1060 raa-Ammon
401 996 718 1065 πραγματείας·
759 1010 921 1059 γενεαῖς
944 998 990 1046 δὲ
1025 997 1185 1053 svo->vri
1209 1006 1330 1063 τρισὶν
1355 997 1479 1047 ὅλαις

121 1067 476 1123 ἀποπλανηθῆναι
503 1073 575 1123 τῆς
610 1065 811 1121 οἱληθεᾶοις
842 1069 895 1114 ἐκ
926 1065 978 1116 οἶν
1007 1066 1281 1129 ἐπιτρέψειε».
1348 1071 1481 1115 Ferri

113 1137 245 1206 potest
266 1174 281 1196 ,
327 1139 377 1198 si
395 1134 583 1202 historici
606 1171 621 1194 ,
667 1138 740 1183 illi
771 1136 1023 1204 praesertim
1071 1141 1146 1203 qui
1183 1156 1253 1186 res
1298 1135 1481 1202 vetustas·

126 1204 180 1255 ἅ·
211 1207 445 1254 multorum
476 1222 685 1253 annorum
707 1205 850 1273 spatio
887 1205 1229 1274 circumscriptas
1258 1204 1436 1254 tradunt
1463 1242 1480 1267 ‚

115 1331 118 1336 ι
118 1278 270 1347 paucis
290 1277 410 1321 annis
418 1274 643 1338 fallantur
653 1292 668 1330 ς
683 1277 933 1337 neutiquam
955 1275 1106 1338 verost
1120 1272 1286 1322 duabus
1307 1289 1383 1322 aut
1395 1279 1482 1331 tri-

125 1341 198 1393 bus
222 1340 565 1410 generationibus
600 1359 629 1388 a
669 1357 774 1388 vero
814 1338 1019 1394 aberrent.
1089 1339 1276 1400 Αυᾶοι·
1305 1342 1481 1393 horum

124 1410 381 1472 fastorum,
414 1407 527 1460 licet
550 1425 610 1458 ne
631 1409 766 1461 unius
783 1408 975 1476 quidem
997 1402 1310 1478 geneiationis
1332 1411 1482 1462 inter-

126 1480 251 1529 vallo
275 1495 426 1530 avero
439 1491 658 1546 ternpore
679 1476 991 1541 aberraverit,
1004 1479 1123 1530 mire
1139 1491 1302 1532 tamen
1323 1479 1483 1532 turba-

126 1563 231 1598 tum
244 1547 375 1598 dedit
388 1545 600 1596 ordinem
613 1545 855 1598 consulum
870 1583 886 1608 ,
896 1547 976 1615 qui
987 1547 1183 1601 aliorum
1199 1566 1482 1600 monumen-

128 1631 289 1667 torum
311 1633 406 1684 ope
425 1614 664 1667 emendari
687 1614 844 1684 potest
869 1616 919 1667 &
938 1615 1096 1686 debet.
1171 1617 1307 1683 Qid
1340 1619 1482 1688 agas?

129 1685 256 1743 Non
290 1700 455 1736 omnes
474 1683 578 1738 sunt
601 1683 820 1752 Dionysii
855 1686 937 1754 qui
963 1686 1174 1754 animum
1196 1686 1256 1738 ad
1278 1686 1483 1739 scriben-

129 1755 208 1805 das
230 1753 452 1806 historias-v
466 1751 666 1804 fastosve
686 1768 867 1804 veteres
887 1753 1143 1826 appellunt.
1214 1755 1484 1820 Qomodo

130 1825 212 1874 hic
234 1841 361 1874 error
384 1825 673 1873 incrementa
698 1822 877 1891 ceperit
891 1862 906 1885 ‚
942 1839 1089 1890 quum
1111 1823 1275 1892 primis
1299 1823 1483 1876 duobus

128 1892 291 1950 seculis
310 1894 392 1943 vix
413 1892 550 1945 unius
572 1891 682 1941 anni
703 1889 951 1941 discrimen
979 1892 1236 1944 intercedat
1257 1893 1380 1944 inter
1397 1911 1482 1945 an·-

129 1979 244 2012 num
278 1962 404 2012 urbis
439 1959 658 2011 conditae
690 1957 1042 2027 adscriptum&
1064 1977 1259 2030 verum,
1293 1963 1486 2014 unicui-

131 2048 224 2098 que
252 2031 492 2099 integrum
514 2029 606 2078 erit
625 2063 642 2091 ‚
678 2027 967 2079 conferendo
988 2029 1075 2079 hos
1098 2030 1237 2082 fastos
1256 2047 1369 2081 cum
1395 2032 1485 2082 illis
1519 2067 1526 2072 «

130 2100 284 2150 fratris
317 2099 412 2149 mei
435 2134 453 2160 ‚
501 2095 883 2147 animadvertere.
957 2097 1118 2151 Nobis
1150 2097 1322 2150 sufficit
1349 2100 1487 2150 codi-

131 2185 238 2218 cem
262 2166 626 2234 manuscriptum
649 2203 665 2226 ,
713 2164 825 2216 licet
848 2166 997 2216 foedis
1018 2168 1253 2219 erroribus
1283 2182 1332 2220 at
1350 2167 1485 2224 facile

131 2235 422 2309 corrigendis
444 2235 813 2287 contaminatum
828 2270 845 2299 2
879 2237 1146 2305 exprimere
1168 2237 1218 2289 &
1239 2235 1382 2307 sequi.

1286 2653 1493 2706 HEN·
