1612 2970
406 138 1223 201 PRAEFATIO.

137 280 322 346 facem,
361 275 669 364 praeferent
722 277 1084 352 tenebrasque
1126 275 1482 352 diffipabunt.

137 360 206 422 In
235 376 582 416 numerorum
616 357 758 412 notis
789 375 956 430 quam
987 354 1152 413 facile
1176 374 1380 413 errores
1410 357 1483 413 ir-

139 451 366 510 repant,
407 432 835 510 cognitiffimum
875 432 991 500 est,
1034 450 1197 508 quare
1218 431 1482 509 Justinia-

139 533 240 576 nus
271 514 307 568 l.
360 531 407 567 1„
457 514 530 568 C.
561 511 632 566 de
660 527 774 566 vet.
801 514 907 586 jur.
940 511 1119 567 enucl.
1175 510 1484 585 noluitper

139 590 414 666 {ignorum
441 589 721 645 cautiones
750 589 962 645 codicis
980 654 985 659 .
1002 604 1217 644 textum
1245 586 1480 644 conscri-

140 669 200 724 bi
225 707 243 734 ‚
297 665 504 723 etiamfi
551 685 805 738 numerus
835 666 1102 734 librorum
1147 663 1485 742 significetur

139 761 234 803 aut
260 745 416 818 aliud
435 744 739 819 quicquam
760 765 769 798 τ
788 763 888 800 nec
919 745 1064 815 enim
1096 743 1229 799 haec
1252 761 1347 818 per
1364 740 1485 817 spe-

140 822 303 879 cialia
344 821 492 898 signa
524 840 873 879 numerorum
912 819 1246 877 manifestari
1276 818 1368 876 sed
1387 838 1485 894 pet

140 899 420 959 literarum
456 898 899 974 consequentiam
918 899 1186 973 explicari
1201 895 1484 954 conceffit.

162 1013 166 1038 ς
221 976 399 1051 Quod
438 974 476 1032 s1
522 975 609 1032 vol
643 980 882 1035 maxime
918 993 1087 1035 ,notae
1130 992 1484 1032 numerorum

142 1053 203 1115 in
248 1054 624 1110 monumentis
679 1055 955 1111 veteribus
1010 1055 1363 1111 intemeratae
1415 1052 1487 1108 ad

144 1151 249 1193 nos,
272 1130 667 1206 perveniffent,
709 1133 945 1188 necdum
974 1132 1115 1188 adeo
1131 1131 1298 1188 utiles
1328 1129 1488 1187 nobis

144 1207 313 1265 effent
342 1229 408 1266 ac
440 1227 605 1265 voces
645 1210 909 1284 integrae,
940 1211 1210 1284 quoniam
1235 1212 1291 1264 &
1321 1205 1488 1262 deil-

143 1287 216 1342 lis
259 1286 387 1362 ipfis
432 1285 715 1358 disputant
758 1287 865 1342 viri
895 1286 1051 1343 docti
1081 1287 1225 1361 quid
1260 1298 1490 1339 notave·
1559 1333 1568 1335 r

141 1382 267 1438 rint.
352 1379 465 1435 Diu
494 1377 572 1434 est
602 1380 761 1454 quod
799 1378 871 1435 de
901 1379 1060 1436 litera
1093 1372 1156 1476 (J
1194 1378 1324 1457 (aut
1359 1395 1507 1439 notas

138 1483 329 1558 potius
361 1478 666 1545 numeralia,
684 1499 824 1555 quae
852 1481 921 1537 ad
963 1480 1104 1537 hanc
1133 1478 1368 1539 formam
1397 1501 1488 1555 ac-

141 1557 342 1631 cedit.)
387 1557 692 1630 quaesitum
725 1555 892 1612 fuerit
934 1556 1070 1611 fitne
1099 1576 1201 1632 pro
1227 1575 1355 1615 nota
1390 1572 1489 1617 nu-

71 1660 75 1665 ·
141 1637 278 1691 meri
317 1653 354 1688 v
399 1632 692 1699 habenda,
717 1651 783 1687 an
826 1653 960 1689 vero
994 1651 1096 1708 pro
1146 1637 1366 1701 numeri,
1398 1656 1492 1694 v1.

141 1707 433 1785 Reinefius
461 1708 612 1765 illam
642 1708 806 1765 habet
835 1729 937 1784 pro
968 1725 1096 1766 nota
1127 1714 1332 1769 numeri
1364 1715 1486 1790 qui-

124 1788 277 1865 *narii
314 1831 327 1851 ‚
393 1785 648 1862 adeoque
685 1802 744 1851 ιη
789 1787 1037 1862 explicat
1069 1806 1166 1862 per
1206 1808 1275 1846 vt
1309 1830 1326 1859 ,
1381 1809 1482 1858 911

141 1873 242 1942 per
266 1882 373 1938 v11
410 1866 519 1919 ὅτε..
562 1863 693 1918 vide
720 1862 1101 1933 inscriptiones
1131 1868 1261 1939 ejus,
1330 1868 1488 1925 Con-

141 1951 258 2010 tra,
300 1944 356 1997 ὅτ
385 1959 502 1997 mea
527 1939 793 1997 sententia
825 1942 1000 2008 recte,
1043 1943 1488 2005 Mabillonius'in

141 2039 308 2094 opere
339 2018 410 2074 de
435 2038 491 2074 re
519 2019 879 2093 diplomatica
905 2039 1031 2096 pag.
1058 2041 1082 2077 2
1102 2039 1162 2094 15
1200 2027 1254 2079 &
1286 2024 1340 2080 in
1363 2024 1488 2101 sup·

141 2097 423 2175 plemento
462 2115 588 2172 pag.
628 2114 718 2169 95.
753 2097 922 2153 docet
950 2098 1093 2154 illud
1138 2119 1175 2171 ς·
1204 2101 1390 2158 n‘atum
1418 2123 1489 2162 ex

140 2175 412 2231 Graeco-⁵-
444 2188 630 2229 notam
662 2172 1005 2238 effenumeri
1037 2175 1227 2232 senarii
1253 2218 1271 2245 ‚
1313 2184 1370 2236 δε
1402 2181 1487 2237 in-

142 2262 224 2329 tjer
262 2252 368 2308 alia
407 2269 475 2307 ex
507 2251 829 2309 kalendario
856 2253 1055 2310 saeculi
1099 2255 1282 2312 octavi
1309 2255 1486 2314 osten-

142 2330 228 2387 dit
257 2346 355 2395 ‹711
391 2348 451 2384 K.
477 2328 697 2405 Januar.
728 2330 873 2386 diem
904 2330 1135 2387 natalem
1163 2333 1486 2392 Christiha-

143 2408 277 2467 beri,
312 2407 413 2482 qui
444 2425 589 2462 vin
625 2406 1206 2481 kal.Jan.celebratur.
1250 2413 1503 2480 Verum,

143 2483 295 2547 dicet
322 2483 518 2562 aliquis
534 2523 553 2553 ,
584 2484 697 2562 ipse
737 2485 1104 2546 Mabillonius
1141 2488 1198 2545 in
1229 2489 1488 2569 illoope-

1385 2602 1387 2604 >
1431 2586 1489 2625 re
