1612 2970
367 86 1262 213 „PRAEFATlo

170 302 296 351 vera
326 271 610 340 consulum
646 278 866 336 nomina
895 277 1199 355 produntur
1225 316 1242 342 ,
1281 280 1339 335 &
1368 273 1512 352 lapi-
1559 314 1568 326 =

162 363 269 419 des
300 358 400 435 ipsi
417 356 584 435 atque
612 356 859 414 historici
887 373 1093 412 veteres
1122 353 1360 411 vicissim
1384 352 1514 411 afa-

173 438 262 496 stis
290 438 471 495 lumen
498 437 780 510 accipiunt
813 472 831 500 ‚
870 433 1024 510 quod
1053 432 1318 490 Schottus
1351 433 1409 489 in
1448 431 1515 488 iis

173 534 315 593 quae
347 515 537 588 adjicit
568 512 854 569 evidenter
883 509 1159 586 ostendit*

249 593 341 648 Sic
369 591 568 651 Vi8cor
599 587 948 645 Tununensis
980 585 1315 645 Anastafium
1358 585 1519 663 syno-

175 669 312 726 dum
342 665 688 743 congregasse
731 665 918 722 scribit
944 664 1113 722 Gibho
1137 668 1207 723 V.
1237 665 1298 723 C.
1330 663 1521 737 Consta·

176 747 243 803 le.
285 746 357 801 At
384 745 567 801 eidem
594 762 737 800 anno
767 742 1014 799 consules
1037 743 1104 798 ab
1120 743 1244 800 aliis
1269 742 1524 799 tribuun-

179 837 268 879 tur
309 822 585 897 Johannes
628 822 679 877 8(
722 819 996 897 AsclepiO.
1075 819 1295 878 Gibbus
1324 835 1523 892 nempe

181 901 249 956 ab
271 898 526 973 Johanne
557 895 814 970 diversus·
835 916 944 953 non
971 894 1084 964 est;
1112 895 1525 973 quumdicatut

177 975 456 1053 johannes
486 974 722 1031 Gibbus.
765 973 898 1031 Erat
930 989 1113 1030 autem
1143 988 1363 1049 recepta
1394 989 1526 1028 con·

183 1052 414 1109 suetudo
433 1096 455 1118 ,
514 1067 574 1108 ut
605 1072 634 1107 e
662 1051 832 1117 tribus
861 1052 1180 1126 pluribusve
1211 1050 1527 1107 nominibus

184 1129 328 1187 illud
357 1128 511 1204 quod
555 1130 842 1204 proprium
875 1143 988 1185 erat
1021 1167 1039 1194 ‚
1094 1129 1366 1205 quodque
1394 1127 1526 1183 ulti-

185 1225 282 1262 mo
337 1204 462 1260 loco
530 1207 665 1280 poni
723 1204 926 1262 solebat
972 1207 1067 1263 illa
1121 1221 1298 1263 aetate
1352 1205 1385 1281 ζ
1402 1221 1528 1260 nam

188 1283 527 1357 temporibus
581 1282 777 1338 liberae
829 1282 906 1338 rei
960 1283 1215 1356 publicae
1255 1281 1410 1338 aliter
1474 1279 1530 1337 se

188 1379 270 1416 res
325 1355 566 1424 habuit)
627 1359 972 1433 usurparetur
1023 1360 1364 1434 compendii.
1401 1375 1529 1416 cau-

187 1435 259 1491 sa.
343 1436 432 1490 Sic
466 1434 873 1510 Hieronymum
905 1437 1251 1511 appellarunt
1275 1437 1395 1513 ¹qui
1429 1436 1532 1492 So-

188 1512 450 1586 phronias
493 1509 753 1567 Eusebius
786 1512 1167 1589 Hieronymus
1196 1514 1376 1571 dietus
1406 1511 1528 1585 esth:

189 1587 262 1643 fic
308 1587 586 1642 consulem
629 1589 972 1644 Antoninum
1008 1627 1025 1654 ‚
1082 1591 1186 1664 qui
1225 1589 1304 1645 est
1347 1590 1532 1664 Quin-

191 1678 278 1720 tus
322 1664 577 1719 Haterius
634 1666 998 1722 Antoninus:
1055 1665 1128 1723 fic
1189 1667 1477 1724 Liberium
1512 1706 1533 1735 ,

193 1740 293 1815 qui
329 1739 519 1796 Petrus
564 1741 925 1798 Marcellinus
966 1742 1130 1809 Felix
1183 1743 1433 1802 Liberius
1474 1743 1560 1802 in¹

195 1816 329 1873 actis
371 1816 597 1871 concilii
628 1817 942 1875 Arauficani
975 1820 1044 1874 ll.
1091 1820 1324 1878 dicitur:
1367 1828 1538 1898 atque

195 1894 272 1949 ita
312 1892 499 1964 paffim
546 1894 709 1948 etiam
752 1896 807 1950 in
843 1895 1066 1954 Codice
1100 1897 1448 1973 Justinianeo
1478 1905 1534 1956 δε

195 1972 253 2027 in
297 1968 444 2026 fastis
490 1969 750 2043 Idatianis
797 1971 1026 2049 aliisque
1053 1975 1260 2033 nonnisi
1294 1967 1533 2034 uno'no-

196 2047 346 2102 mine
381 2046 628 2103 consules
661 2061 932 2107 notantur.
977 2054 1106 2108 Hoc
1140 2073 1368 2130 quoque
1405 2074 1537 2111 con-

197 2121 460 2179 fufionem
491 2138 651 2198 auget
681 2162 698 2189 ,
740 2127 892 2199 quod
919 2130 1145 2205 quidam
1187 2132 1430 2189 consules
1457 2130 1538 2188 fa-

199 2201 276 2285 sti
317 2216 408 2256 aut
468 2199 702 2257 honores
743 2204 933 2279 adepti
987 2208 1139 2265 aliud
1185 2229 1384 2267 nomen
1442 2209 1539 2265 ad-

109 2302 110 2307 *
198 2276 519 2362 faverint,-
550 2279 632 2333 uti
665 2278 888 2339 Messala
918 2323 935 2350 ,
989 2285 1178 2343 consul
1218 2308 1362 2344 anno
1390 2305 1540 2344 aerae

199 2351 544 2440 Christianae
574 2357 685 2427 506
706 2395 723 2422 ,
765 2358 1056 2418 Ennodius
1076 2364 1191 2420 dici
1218 2366 1425 2428 voluit,
1469 2361 1541 2420 de

199 2449 396 2513 qua-re
429 2449 761 2511 epigramma
778 2453 929 2495 extat
961 2443 1160 2518 Magni
1192 2442 1395 2500 Felicis
1426 2439 1539 2514 En-

201 2507 398 2575 nodii,
435 2506 721 2594 episcopi,
746 2513 838 2571 lib.
878 2534 963 2576 11.
991 2522 1162 2597 epigr.
1197 2540 1282 2596 32.
1368 2519 1454 2653 Iga
1482 2521 1540 2573 &

1432 2609 1540 2653 tra-
