1578 2918
136 602 146 613 -
372 570 596 623 VIRO
630 571 1174 627 CLARISSIMO
1225 623 1241 630 -

114 654 760 757 ‘HADRIANO
824 692 1372 760 RELANDO

95 845 605 903 HENRlcus
662 849 702 903 B
733 851 852 904 RE
883 805 1453 909 NCMANNUS

745 986 794 1031 S.

147 1164 165 1184 χ
196 1119 199 1123 ’
301 1138 383 1178 ’κῑψ
403 1122 529 1174 audo
550 1124 776 1191 pietatem
796 1135 927 1173 tuam
949 1139 1062 1192 erga
1093 1122 1246 1175 fratris
1269 1143 1453 1183 manes,

123 1225 171 1258 ,γε
232 1196 392 1240 ’1
438 1193 566 1260 quod
594 1191 875 1261 lingularem
899 1191 1041 1261 ipfius
1064 1192 1378 1245 eruditionem
1403 1196 1457 1246 &

145 1266 173 1303 “x
232 1260 315 1329 τι]
442 1261 711 1312 industriam
735 1297 753 1323 ,
800 1278 913 1311 cum
948 1262 1142 1330 egregia
1158 1264 1284 1328 Juris
1306 1266 1457 1315 civilis

117 1327 124 1335 ’
234 1328 283 1387 ἐᾷ’
310 1332 389 1396 ζχζς
442 1331 723 1398 cognitione
752 1328 1083 1397 conjunctam,
1120 1333 1311 1398 optimo
1335 1351 1456 1384 con-

201 1433 211 1437 κ
270 1393 281 1402 ’
366 1397 395 1437 '-
442 1398 545 1448 filio
575 1397 634 1448 ab
663 1397 905 1448 oblivione
930 1397 1180 1448 hominum
1210 1414 1351 1468 atque
1393 1401 1455 1452 fi-

91 1467 242 1519 lentio
278 1464 519 1519 vindicare
550 1468 600 1517 in
628 1468 838 1517 animum
873 1466 1113 1517 induxeris
1135 1503 1153 1530 ‚
1210 1468 1454 1537 probeque

91 1536 380 1606 prospexeris
403 1573 420 1596 ‚
467 1554 530 1587 ne
575 1536 702 1586 idem
754 1536 962 1586 tumulus
1006 1538 1087 1603 qui
1138 1555 1311 1606 corpus
1355 1542 1453 1608 ejus

92 1607 312 1657 contexit
357 1622 533 1656 nomen
573 1607 715 1658 etiam
738 1605 987 1673 laudesque
1017 1605 1250 1656 obrueret.
1319 1607 1454 1659 Facis

91 1673 310 1742 profesto
332 1689 386 1725 ut
401 1675 722 1743 tantojustius
748 1674 1304 1726 doleamusimmaturum
1318 1693 1451 1744 prae-

91 1742 351 1795 stantissimi
382 1745 472 1793 viri
495 1744 712 1806 obitum,
734 1745 815 1811 qui
839 1743 1241 1814 Jurisprudentiae
1267 1745 1451 1797 nostrae

90 1812 146 1863 &
178 1811 514 1864 communibus
540 1813 697 1863 studiis
725 1814 775 1862 in
806 1811 1125 1863 florentiffima
1152 1827 1306 1864 aetate
1325 1814 1451 1866 sum·

89 1898 263 1950 maque
290 1883 507 1932 omnium
528 1881 876 1950 exspectatione
896 1897 1083 1949 ereptus
1094 1882 1176 1933 est.
1247 1883 1342 1934 Sed
1364 1901 1450 1934 eo-

77 1950 200 2001 dem
212 1949 448 2002 beneficio
463 1950 688 2002 studiosos
697 1951 821 2016 Juris
832 1951 881 2001 ὃς
894 1951 1210 2002 Historiarum
1222 1954 1449 2020 majorem

91 2021 141 2069 in
173 2019 370 2069 modum
393 2019 646 2090 obstringis
668 2059 683 2081 ‚
728 2019 844 2071 dum
878 2019 1208 2071 laudatiffimus
1243 2021 1323 2071 ille
1357 2021 1451 2073 fra-

91 2089 176 2139 tris
210 2089 282 2151 tui¹
330 2087 460 2137 labor
489 2089 704 2139 ordinem
741 2089 794 2139 &
837 2088 1092 2141 successum
1128 2090 1449 2158 Imperialiurn

88 2156 489 2207 constitutionum
521 2174 811 2225 omnemque
846 2161 946 2227 ejus
967 2161 1195 2226 temporis
1217 2161 1448 2211 rationem

90 2223 294 2276 mirifice
328 2224 532 2275 illustrat.
601 2225 844 2277 Videlicet
883 2245 981 2277 non
1003 2227 1105 2277 satis
1126 2226 1324 2277 habuisti
1345 2264 1362 2291 ‚
1397 2246 1451 2278 e·

91 2295 247 2346 ximio
270 2311 411 2362 opere
440 2293 801 2362 Geographiam
833 2296 1018 2346 illarum
1039 2296 1294 2363 regionum
1317 2310 1451 2364 pate-

90 2364 245 2415 facere
261 2400 280 2427 ‚
325 2380 521 2432 quarum
546 2363 633 2413 tibi
658 2364 821 2431 lingua
841 2365 893 2414 &
919 2381 1074 2414 mores
1095 2366 1305 2433 ritusque
1325 2367 1452 2416 anti-

86 2434 171 2501 qui
190 2431 422 2482 commiffi
444 2431 576 2491 sunt,
615 2433 664 2482 ni
688 2433 982 2498 etiam‘Juris
1006 2431 1281 2503 mediaeque
1299 2433 1452 2499 Juris-

89 2499 363 2571 prudentiae
395 2501 780 2570 Chronologiam
817 2516 896 2552 tua
918 2519 1060 2570 opera
1087 2501 1349 2572 expofitam
1375 2518 1452 2555 at-

89 2587 182 2640 que
210 2572 490 2623 extricatam
511 2570 789 2625 videremus,
859 2571 1026 2641 Itaque
1049 2570 1146 2624 duo
1176 2573 1293 2624 haec
1315 2590 1451 2642 prae-

1314 2643 1357 2692 ci
1359 2660 1454 2713 pua

316 2834 356 2858 N
