1586 2944
425 113 910 257 PQAJR
1026 113 1074 200 1
1197 114 1449 207 Α
1567 122 1574 147 ⁸

136 291 1543 465 CONSULUM

340 497 344 500 Δ
553 506 1136 567 LEGIBUS
1378 558 1385 564 .
1581 521 1586 529 “

209 596 1478 784 S'UBSCRIPTQRUM.

815 898 958 955 A.-

329 989 453 1094 Α.
499 1043 558 1095 A.
596 1040 743 1092 conss'.
771 1055 876 1110 pag.
905 1047 1127 1108 96.⁴523.
1151 1037 1267 1105 698.

327 1114 391 1166 A.
418 1113 475 1162 A.
502 1128 575 1161 111.
601 1111 650 1160 &
675 1127 728 1159 11.
758 1110 902 1159 conss.
940 1108 1051 1175 258.

331 1182 393 1231 A.
415 1180 473 1228 A.
502 1197 547 1228 x.
568 1178 618 1227 &
645 1194 724 1228 vr.
748 1178 894 1228 conff.
972 1191 1093 1243 575.*

333 1249 394 1298 A.
417 1248 468 1297 &
497 1247 637 1296 Pont.
717 1245 829 1301 182,

332 1317 395 1364 A.
425 1331 478 1363 11.
504 1314 554 1362 &
581 1312 833 1380 Opilione.
907 1318 1024 1374 692.

332 1383 393 1432 A.
424 1397 469 1430 v,
494 1380 544 1430 ὅ(
566 1379 765 1431 Licinio
791 1396 860 1430 cc.
886 1380 1035 1431 conss'.
1110 1393 1231 1450 304.

333 1447 595 1516 Acyndino
616 1448 665 1497 &
692 1447 920 1500 Proculo.
994 1462 1109 1517 347.
1223 1484 1233 1493 »ι

269 1526 273 1530 ’
327 1515 579 1584 Adelphio
604 1532 650 1566 v.
677 1534 719 1567 c.
750 1517 880 1567 cons.
951 1525 1070 1576 627.

330 1583 604 1636 Aemiliano
633 1585 682 1637 &
707 1585 859 1637 Bass‘o.
933 1602 1045 1653 224.
1457 1623 1459 1627 f

1385 1655 1558 1707 Aemi-

142 1740 231 1786 NB.
257 1741 338 1790 Hic
357 1741 480 1790 Index
498 1748 756 1788 nonvtantum
775 1740 879 1782 utilis
898 1741 969 1788 est,
984 1747 1030 1787 ut
1046 1739 1131 1792 quis
1151 1738 1344 1786 Codicem
1360 1722 1561 1790 Iustiniani

326 1803 393 1846 aut
420 1793 641 1834 Theodofii
667 1793 831 1834 volvens
863 1792 1089 1844 subscriptos
1125 1790 1202 1845 legi
1231 1792 1406 1834 consules
1430 1792 1556 1840 statim

325 1848 504 1890 invenire
523 1847 636 1899 poffit
663 1845 758 1898 (five
773 1845 903 1893 bonae
917 1845 995 1885 five
1018 1843 1143 1884 malae
1163 1845 1235 1886 fint
1252 1840 1558 1898 subscriptiones:

326 1914 421 1943 nam
448 1900 512 1940 hic
531 1900 611 1940 illas
634 1899 771 1940 damus
800 1898 866 1939 ita>
880 1899 937 1938 uti
953 1899 994 1938 in
1015 1896 1212 1938 codicibus
1237 1898 1349 1939 editis
1367 1898 1489 1950 vulgo
1504 1897 1562 1939 le-

325 1953 547 2007 guntur)&
565 1952 656 1992 scire
675 1962 756 2003 quo
777 1963 882 1992 anno
902 1951 965 1992 lex
985 1952 1073 1992 data
1093 1950 1308 1997 fit;verum
1325 1953 1446 1992 etiam
1462 1964 1560 1992 con·

328 2007 434 2047 ducit
453 2005 501 2045 ad
517 2005 712 2057 judicium
732 2004 938 2045 ferendum
958 2004 1006 2045 de
1022 2004 1169 2055 legibus
1182 2017 1283 2056 quae
1302 2004 1458 2046 easdem
1479 2004 1561 2056 pla·

327 2072 380 2100 ne
405 2057 696 2110 subscriptiones
725 2056 870 2098 habent
898 2059 938 2098 δε
965 2066 1102 2097 tamen
1127 2057 1176 2098 ad
1197 2057 1367 2098 diversos
1388 2057 1563 2098 consules

275 2145 281 2150 .
327 2116 531 2163 annosque
556 2109 782 2151 referendae
800 2110 885 2150 sunt
903 2141 916 2158 ‚
953 2110 1075 2163 qualis
1105 2109 1157 2151 est
1185 2109 1407 2163 subscriptio
1435 2109 1563 2163 Bafilio

327 2171 370 2205 V.
393 2171 438 2205 C.
455 2163 559 2216 Confi
587 2162 636 2204 de
654 2176 730 2216 qua
749 2163 840 2205 vide
858 2163 1042 2206 indicem.
1083 2163 1270 2216 Denique
1289 2163 1318 2206 fi
1338 2162 1561 2216 subscriptio

327 2217 422 2270 legis
449 2216 607 2269 alicujus
634 2217 733 2257 vitio
759 2216 934 2258 laborare
953 2217 1132 2259 videatur
1148 2217 1190 2258 &
1209 2215 1397 2258 mutanda
1415 2215 1460 2256 fit
1474 2229 1563 2265 „ex

327 2271 411 2330 hoc
432 2269 562 2331 indice
569 2269 709 2330 ostatirn
741 2271 886 2322 poterit
903 2269 1028 2313 videri
1045 2300 1057 2318 ,
1086 2282 1188 2331 quae
1209 2269 1502 2330 subscriptiones
1517 2269 1564 2330 si-

328 2324 442 2365 miles
456 2336 497 2364 in
516 2322 595 2374 aliis
611 2322 757 2375 legibus
783 2331 992 2375 appareant
1005 2355 1017 2373 ‚
1037 2333 1081 2365 ut
1098 2333 1149 2374 lta
1175 2324 1218 2368 in
1237 2335 1318 2376 ejus
1333 2323 1470 2364 locum
1488 2322 1562 2363 alia

328 2376 452 2417 affinis
477 2375 730 2417 substituatur.
783 2377 971 2418 Ceterum
1006 2378 1048 2417 in
1087 2377 1225 2418 ordine
1257 2375 1528 2426 consulatuum
1550 2404 1563 2422 ,

328 2429 490 2483 quando
521 2429 568 2469 ab
588 2429 733 2470 eodem
751 2431 917 2471 nomine
942 2431 1134 2484 incipiunt
1149 2460 1161 2479 ,
1197 2430 1256 2471 uti
1273 2428 1503 2481 Constantino
1517 2440 1564 2471 (9¹

331 2483 482 2530 Licinio,
511 2481 739 2534 Constantino
756 2494 800 2526 ω’
817 2483 1007 2536 Constante
1026 2515 1038 2533 ,
1066 2483 1247 2528 ordinem
1271 2481 1460 2536 temporis
1479 2481 1562 2521 fere

330 2536 447 2577 secuti
473 2535 602 2576 sumus
621 2566 633 2583 ,
668 2544 712 2576 ut
744 2536 797 2577 ita
821 2537 1051 2588 Constantino
1075 2549 1122 2582 ο·
1146 2536 1279 2580 Licinio
1297 2537 1398 2591 prius
1415 2534 1563 2587 legatur

329 2601 449 2642 quam
467 2588 696 2641 caresianam
716 2602 761 2633 ω’
780 2591 979 2644 Constante.
1304 2595 1306 2597 ’
