1612 2970
343 139 1152 206 PRAEFATIO.

81 280 403 340 ducerentur
427 281 514 342 ad:
532 299 685 336 veros
711 279 966 336 dominos
999 275 1121 337 suos
1137 317 1155 345 ,
1181 283 1261 336 uti
1274 277 1414 356 quoss

78 359 205 426 rustrf
244 358 538 415 collaribus
579 356 893 433 inscriptum
938 355 996 412 id
1044 357 1180 413 olim
1208 370 1321 414 erat
1351 374 1414 415 τ.

81 456 150 495 Μ.
180 454 239 504 Q.
275 458 323 493 Ρ.
357 437 459 493 &c.

79 532 88 548 ²
157 515 560 587 Quam'eautos
587 511 751 569 etiam
785 528 882 565 nos
918 510 1021 568 esse
1060 525 1312 587 oportet,
1353 530 1420 567 ne

77 603 256 667 'quum
290 607 484 647 nomen
523 589 751 664 aliquod
781 589 1033 646 audimus
1065 634 1078 653 ,
1133 589 1223 645 cui
1250 588 1420 646 fimile

79 669 139 724 in
171 666 320 726 fastis
361 684 453 724 aut
482 669 849 723 monumentis
876 662 1149 723 v⁴eteribus
1183 667 1418 743 legitur,

80 746 220 803 ilico
258 746 319 802 id
363 745 509 802 idern
547 744 653 800 effe
696 745 991 800 credamus.
1074 742 1285 800 Consul
1313 741 1422 800 fuit

79 822 379 879 Adventus
417 841 559 878 anno
588 841 737 878 aerae
769 820 1112 878 Christianae
1144 825 1251 878 218
1271 860 1288 886 ,
1322 839 1422 877 nec

76 900 246 956 alium
278 899 387 956 hoc
423 899 647 956 nomine
677 901 735 955 in
766 896 917 955 fastis
949 898 1197 974 legimus.
1283 897 1423 953 Non

77 995 213 1054 ergo
237 975 413 1034 statim
443 978 514 1034 de
539 977 647 1034 hoc
686 976 1043 1052 cogitandum
1073 974 1150 1031 est
1178 1014 1195 1041 ‚
1247 993 1424 1050 quum

77 1054 325 1119 ‘Adventi
362 1074 559 1111 nomen
591 1054 645 1110 in
679 1053 896 1128 scriptis
926 1068 1173 1111 veterum
1204 1053 1422 1128 legitur.

74 1130 357 1207 Inscripsit
388 1131 608 1190 Solinus
639 1130 979 1208 polyhistora
1009 1130 1159 1186 suum
1179 1129 1287 1185 hoc
1308 1147 1425 1185 mo-

78 1208 159 1264 'do
193 1208 253 1269 C.
285 1208 478 1282 Julius
507 1208 722 1266 Solinus
768 1208 1019 1266 Advento
1032 1209 1131 1281 suo
1175 1205 1228 1263 S.
1310 1206 1423 1264 Ni-

77 1283 162 1341 hil
199 1283 277 1340 est
317 1287 473 1358 quod
502 1305 601 1343 nos
633 1285 853 1342 credere
875 1287 1066 1359 jubeat
1109 1285 1258 1340 hunc
1287 1302 1420 1340 con·

78 1360 248 1418 sulem
294 1359 470 1416 fuiss‘e.
557 1361 601 1413 E
651 1364 930 1417 contrario
973 1380 1143 1418 unum
1178 1360 1423 1418 Adventi

82 1456 280 1494 nomen
298 1481 321 1504 ,
361 1436 515 1492 nullo
543 1436 739 1492 addito
769 1435 992 1491 honoris
1022 1436 1226 1501 titulo,
1265 1438 1423 1493 vide-

78 1529 172 1571 tur
203 1533 299 1570 nos
328 1516 438 1571 alio
465 1514 682 1569 ducere.
755 1512 1028 1568 Henricus
1058 1527 1240 1567 tamen
1260 1512 1422 1570 Dod-

79 1592 310 1657 'wellus,
349 1592 503 1665 cujus
531 1591 635 1646 viri
655 1590 938 1662 ingenium
967 1594 1023 1645 &
1050 1587 1298 1646 dostrina
1326 1609 1423 1646 no-

77 1667 279 1730 tiffima
309 1667 432 1724 sunt
460 1711 473 1730 ,
534 1667 589 1724 in
618 1666 992 1723 dissertatione
1018 1666 1088 1721 de
1111 1681 1287 1726 aetate
1328 1666 1421 1728 lfi-

78 1746 201 1807 dori
221 1745 550 1808 Characeni,
582 1747 733 1819 cujus
750 1759 938 1799 extant
971 1742 1270 1801 mansiones
1294 1742 1421 1813 Par-

79 1823 290 1888 thicae,
330 1843 459 1899 pag.
493 1840 587 1896 71.
619 1822 820 1879 scribit.
899 1820 1106 1898 Mmp'e
1135 1820 1245 1898 Cos
1265 1838 1420 1898 agno-

63 1903 273 1974 scimus
312 1903 439 1961 anm‘
469 1920 629 1957 aerae
663 1897 997 1974 Christianae
1039 1901 1163 1956 218.
1243 1897 1421 1956 Nulla

77 1978 290 2057 quidem
319 1977 389 2050 cst
415 1977 701 2055 dignitatis
740 1988 862 2033 nota
900 1976 956 2031 in
997 1977 1046 2053 ip
1073 1991 1108 2032 a
1141 1974 1420 2036 dedicatio-

79 2057 166 2112 nis
193 2054 540 2132 inscriptione.
621 2055 733 2114 Vix
773 2066 950 2110 tamen
989 2073 1016 2110 e
1098 2072 1193 2109 cur
1218 2051 1418 2111 dubite-

79 2151 192 2190 mus
223 2135 350 2210 quin
379 2134 564 2189 virum
582 2132 743 2212 gestis
768 2133 824 2188 in
847 2130 1114 2208 republica
1142 2127 1419 2190 honoribus

64 2224 360 2288 patronum
370 2209 571 2283 studiis
584 2212 709 2282 ficis
737 2208 991 2298 delegerit
1019 2207 1247 2266 Solinus.
1312 2207 1421 2267 -In-

78 2290 197 2346 nuit
238 2287 328 2344 hoc
345 2328 361 2355 ‚
397 2288 453 2343 ni
484 2286 655 2360 fallor
673 2333 696 2356 ,
744 2303 954 2344 aurium
1007 2283 1102 2348 illa
1143 2287 1419 2345 clementia

78 2386 238 2444 quam
268 2367 323 2422 in
353 2364 607 2423 Advento
619 2370 718 2439 suo
739 2364 1076 2442 gratulatur.
1156 2364 1257 2436 Est
1285 2368 1422 2425 enim

76 2445 353 2501 clementia
379 2442 624 2503 virorum
640 2443 934 2521 praecipue
963 2442 1304 2519 Principum.
1344 2443 1421 2504 E-

77 2541 152 2600 go
177 2539 359 2587 autem
391 2520 552 2581 valde
583 2522 781 2581 dubito
812 2540 875 2575 an
909 2521 953 2576 is
980 2519 1274 2582 Adventus
1289 2527 1420 2579 con-

752 2598 789 2637 *
806 2599 842 2638 ,κε
859 2597 897 2638 *k
913 2597 949 2636 =n=
993 2617 1022 2676 5
1338 2596 1421 2655 sul
