1612 2970
418 138 1221 202 PRAEFATIQ

127 295 187 338 ta
208 276 319 346 est,
357 278 638 337 hominem
659 279 762 355 qui
789 296 973 336 curam
1006 276 1117 354 ejus
1145 277 1336 338 habuit
1353 297 1468 337 cre·
1496 342 1501 346 ,

126 356 326 415 didiffe
367 357 509 415 reste
551 361 605 413 ὃς
653 357 849 413 Latine
909 356 1029 412 dici
1078 357 1239 414 tertio
1279 359 1468 432 constal.

125 435 309 510 Atqui
337 440 393 492 δε
416 435 730 492 .Ciceronis
760 448 935 490 aetate
964 432 1094 490 tales
1125 450 1277 492 erant
1307 457 1319 491 ε
1379 456 1470 492 ce-

109 514 387 588 ¹teroquin
424 513 571 568 enim
614 531 722 567 non
759 512 899 568 adeo
951 509 1197 569 diversae·
1243 510 1470 570 fuissent

124 607 188 646 ea
238 589 309 647 de
374 609 432 647 re
482 588 793 645 sententiae.
891 588 1130 646 Tacitus
1188 591 1470 648 annalium

123 666 225 724 lib.
261 684 384 725 111.
411 684 530 741 cap.
574 670 664 724 28.
698 666 769 721 de
811 665 919 722 hoc
948 666 1068 741 ipso
1100 670 1264 724 tertio
1301 667 1468 725 Pom-

123 744 240 818 peji
293 743 578 801 consulatu
621 763 786 820 agens
839 742 1027 799 scribit
1099 743 1196 800 Cn.
1246 745 1471 823 Pompe-

103 823 212 901 jus
250 821 477 878 tertium
515 821 704 893 consul.
743 841 748 845 ’
786 820 994 890 Quid?
1044 822 1199 893 quod
1231 840 1339 878 non
1376 824 1475 879 de-

123 896 230 954 fint
271 898 482 973 lapides
525 916 751 974 quoque
796 899 853 952 in
892 898 1104 972 ⁴quibus
1150 901 1329 973 constal
1362 912 1475 957 ter-

121 977 259 1032 tium
285 991 472 1042 extat,
514 979 595 1032 uti
614 993 849 1032 marmor
880 979 1232 1051 Ancyranum
1249 1017 1273 1043 ,
1312 975 1471 1052 supra

107 1053 401 1129 ‚porticum
446 1053 681 1110 Panthei
719 1054 770 1110 &
815 1052 923 1108 alii.
1005 1052 1271 1110 Ceterum
1317 1053 1356 1111 fi
1399 1056 1471 1112 de

123 1145 254 1188 nota
283 1132 435 1188 tertii
461 1130 771 1188 consulatus
804 1129 1089 1187 scribenda
1116 1131 1256 1188 adeo
1271 1130 1471 1189 diffen-

121 1207 300 1264 ferint.
322 1225 537 1265 veteres
564 1247 579 1273 ,
622 1225 807 1284 patere
848 1208 957 1264 hoc
988 1208 1058 1264 de
1086 1227 1141 1265 re
1167 1208 1284 1284 ipsa
1313 1230 1343 1266 a
1381 1229 1470 1267 me

121 1283 276 1342 addi.
356 1285 602 1342 Videtur
650 1286 800 1341 Dion
845 1285 1059 1345 Caffius
1104 1285 1314 1362 negass‘e
1341 1303 1468 1344 ante

123 1361 217 1419 sua
255 1376 507 1436 tempora
546 1361 789 1435 aliquem
822 1378 903 1417 ter
946 1362 1223 1418 consulem
1273 1362 1468 1431 fuisse,

125 1439 404 1515 privatum
434 1452 580 1494 certe
607 1475 621 1499 ‚
663 1450 757 1492 aut
789 1438 892 1510 qui
923 1438 1084 1493 nullis
1109 1454 1266 1503 antea
1294 1440 1469 1498 hono-

125 1516 276 1574 ribus
305 1517 360 1572 in
389 1515 519 1571 urbe
548 1512 734 1570 fuiffet
767 1526 1011 1570 ornatus,
1093 1514 1175 1571 Ita
1207 1516 1329 1573 sane
1358 1518 1468 1575 Xi-

123 1591 375 1669 philinus
413 1592 483 1648 de
530 1589 878 1667 Eutychiano
921 1588 1107 1647 scribit
1154 1589 1358 1650 fastum
1398 1596 1466 1652 il-

43 1668 46 1670 ’
123 1670 243 1728 lum
274 1686 353 1727 ter
380 1666 654 1746 consulem
686 1668 843 1744 quod
864 1667 1000 1724 nulli
1030 1683 1186 1726 antea
1212 1672 1467 1749 contige-

122 1764 224 1805 rat.
308 1748 496 1804 Itane?
537 1747 749 1803 nullum
777 1761 932 1802 antea
961 1745 1138 1804 honor
1162 1749 1311 1805 tertii
1335 1768 1467 1806 con-

121 1824 326 1883 sulatus
353 1833 679 1893 ornaverat?
721 1822 1032 1898 Qlomodo
1055 1843 1188 1901 ergo
1204 1864 1223 1892 ,
1263 1842 1325 1883 ut
1357 1828 1467 1887 lm-

122 1919 399 1980 peratores
443 1903 697 1958 omittam
719 1940 736 1967 ‚
779 1901 946 1976 (noti
985 1902 1131 1963 enim
1166 1901 1285 1959 sunt
1311 1922 1462 1980 xvix

124 1980 440 2038 consulatus
475 1977 832 2052 Domitiani)
878 1977 1136 2036 Marcelli
1156 1981 1468 2040 consulatus

124 2059 355 2134 quintus
384 2078 440 2114 A.
474 2077 530 2113 v.
574 2076 628 2113 c,
662 2074 770 2132 545
818 2060 875 2112 &
915 2054 1063 2113 fastis
1103 2062 1159 2113 &
1191 2061 1468 2127 nummiS,

123 2136 184 2192 in
217 2136 418 2210 quibus
447 2135 651 2211 legitur
682 2152 1465 2212 MARCELLvscostmQ.

125 2229 456 2271 memoratur
481 2252 498 2280 ‚
551 2217 606 2268 ὃς
646 2212 816 2269 Marii
841 2211 1151 2269 consulatus
1179 2212 1268 2271 sex
1299 2214 1468 2273 Cice-

123 2293 244 2347 roni
275 2291 368 2347 lib.
395 2309 447 2348 v.
490 2288 846 2347 Tusculanar.
879 2295 932 2346 &
967 2292 1280 2367 complures
1320 2293 1417 2350 alii
1447 2303 1469 2349 ἓ

29 2423 34 2426 .
126 2368 324 2441 Quid?
379 2367 530 2444 quod
563 2366 673 2441 ipse
706 2369 818 2424 Dio
847 2368 939 2424 lib.
973 2387 1122 2425 inx
1156 2371 1469 2429 meminerit

126 2447 297 2502 Annii
329 2446 466 2505 Veri
491 2447 712 2503 tertium
749 2445 984 2503 consulis
1012 2461 1091 2516 τρὶς
1115 2458 1475 2518 ὁπωτεόσαντφ.

126 2520 241 2582 Vel
269 2542 336 2582 an
369 2521 558 2582 referri
590 2524 790 2583 debent
817 2525 1013 2583 ultima
1037 2524 1109 2584 ad
1135 2545 1196 2584 ea
1219 2548 1361 2605 quae
1377 2549 1472 2587 an-
1509 2588 1529 2603 ,b

1419 2623 1475 2664 te
