1586 2944
80 265 213 304 ΑΜΕ.
265 263 343 298 Chr.

377 171 1173 237 CONSULAREa
1363 187 1477 230 mr

113 400 181 448 99
238 377 354 446 ‘244
399 374 777 467 Peregrffnusq
870 416 874 417 ν
928 374 932 376 ’

400 472 750 555 Aemilianus.

353 574 357 577 ’
404 581 435 636 l.
449 585 787 651 unsC.quand.
807 550 899 637 non
914 599 1093 654 petent.
1109 589 1247 654 parti

395 650 434 712 ll.
448 653 564 711 6.(3.
578 653 638 702 de
651 654 940 706 collationib.

405 718 436 773 l.
451 716 497 782 7.
509 719 572 770 C.
588 720 648 769 de
662 721 857 772 accusat.
872 723 922 772 &
937 720 1144 783 inscript.

475 788 583 846 Hae
615 788 746 855 leges
775 788 884 840 sunt
913 790 1037 853 Imp.
1064 787 1327 839 Gordiani:
1357 803 1478 858 quae
1560 808 1565 812 ·

542 872 657 922 vero
681 855 948 922 sequuntur
967 853 1179 920 'Philippi
1206 855 1330 907 sunt.

395 921 444 973 ‘12
460 923 654 992 3..C.de
670 923 767 990 jur.
781 925 831 974 &
847 922 958 973 faft.
973 922 1128 988 ignor.

413 991 441 1039 l.
463 1009 536 1048 1-0·
551 992 611 1041 C.
626 990 685 1041 de
699 989 1051 1051 transac‘tionib.

400 1058 435 1113 ,1.
458 1077 497 1124 3.
511 1059 578 1108 C.⁴
591 1058 623 1109 fi
642 1061 759 1125 saep.
773 1060 822 1108 in
839 1059 1015 1127 integr.
1029 1055 1175 1114 restit.
1188 1056 1366 1123 postul.

410 1124 438 1176 l.'
453 1124 502 1200 ᾇ,
515 1126 574 1183 C.
587 1126 643 1177 ad
656 1123 927 1189 exhibend„

490 1216 494 1219 ’
551 1207 553 1210 ’
591 1207 695 1247 Cum
722 1208 818 1248 haec
849 1207 913 1248 lex'
938 1207 981 1248 fit
1009 1206 1096 1248 data
1124 1218 1145 1246 a
1168 1205 1263 1246 Phili
1291 1218 1344 1258 po
1377 1218 1413 1246 2.
1432 1207 1486 1245 Id·

637 1267 757 1300 Mart.
774 1261 832 1307 uti
849 1262 889 1300 δε
906 1261 929 1300 l.
943 1274 1001 1301 10.
1012 1261 1058 1299 C.
1069 1259 1116 1299 de
1126 1269 1248 1299 transa
1290 1258 1402 1310 .prid.
1417 1258 1488 1298 kal.

647 1312 765 1362 April.
797 1324 880 1351 non
907 1313 959 1351 est
983 1311 1091 1363 quod
1119 1320 1228 1362 putes
1245 1309 1490 1350 Gordianum

554 1372 562 1376 ⁷
634 1363 717 1414 jam
745 1374 795 1409 eo
814 1371 993 1414 tempore
1022 1359 1132 1402 fuiffe
1153 1362 1334 1401 occisum.
1378 1361 1489 1401 Con-

641 1414 798 1454 trarium
818 1415 959 1460 evincit
974 1413 999 1457 1,
1017 1414 1053 1452 6.
1074 1414 1120 1457 C.
1138 1413 1186 1453 de
1203 1413 1326 1452 collat.
1347 1424 1370 1452 a
1388 1413 1493 1453 Gor-

650 1465 765 1506 diano
782 1478 820 1515 .7.
838 1465 919 1505 Kal.
937 1465 1034 1516 Maji
1052 1465 1158 1505 data:
1185 1464 1250 1504 ubi
1266 1465 1398 1508 Martii
1414 1477 1488 1516 pro

576 1543 578 1545 >
654 1518 751 1570 Maji
776 1518 928 1570 reponit
957 1516 1184 1557 Dodwellus
1205 1517 1247 1556 in
1269 1516 1391 1556 annal.
1412 1517 1495 1570 Cy-

651 1572 770 1622 prian.
817 1571 963 1610 Contra
986 1569 1094 1609 sentit
1119 1569 1253 1620 Pagius
1286 1569 1326 1608 in
1353 1568 1495 1610 Critica

654 1622 778 1665 annal.
800 1622 847 1662 ad
864 1623 899 1662 h.
921 1634 1008 1668 ann,
1026 1622 1066 1661 ὅ(
1083 1622 1232 1662 nemini
1249 1620 1491 1662 observatum

654 1674 776 1718 scribit
806 1674 913 1728 quod
937 1686 1027 1714 cum
1054 1673 1196 1714 eodem
1211 1682 1391 1725 tempore
1404 1674 1493 1714 Phi-

653 1727 775 1779 lippus
801 1740 890 1767 curn
918 1726 1117 1767 Gordiano
1143 1734 1316 1778 regnaret
1333 1755 1346 1773 ,
1382 1738 1492 1766 cum-

574 1803 577 1805 >
655 1782 733 1831 q'ue
755 1781 854 1820 inter
872 1792 939 1821 eos
955 1791 1038 1819 non
1055 1779 1301 1826 conveniret,
1329 1779 1493 1832 quemli-

652 1832 718 1872 bet
742 1833 780 1873 in
807 1833 1016 1884 particulari
1044 1831 1145 1882 leges
1173 1828 1345 1874 emififfe.
1386 1831 1492 1871 Nam

656 1885 831 1938 Philippus
857 1883 956 1939 quafi
985 1896 1081 1924 tutor
1102 1884 1173 1935 ejus
1202 1897 1282 1923 cum
1319 1883 1494 1922 Gordiano

655 1991 803 2043 pitolin.
821 2003 861 2030 m
878 1989 1062 2038 Gordian.
1079 1996 1163 2028 tert.
1181 1999 1261 2040 cap.
1278 2000 1340 2040 29.

372 2044 395 2071 ⁷
425 2066 458 2117 l
471 2025 592 2118 8C.
607 2048 666 2119 de
677 2068 759 2119 rel‘
800 2052 877 2119 ios.
889 2066 937 2118 ὅ(
953 2067 1125 2132 sumpt.
1139 2064 1298 2116 funer.

430 2136 462 2184 l.
486 2153 502 2185 1
517 2154 564 2185 o.
590 2137 639 2185 &
659 2155 676 2183 1
693 2153 732 2184 1.
800 2135 876 2185 ‚ad
891 2132 1254 2200 SCt.Vellejan.
1388 2190 1392 2193 ,

429 2203 460 2251 1.
476 2215 521 2268 3.
533 2203 582 2252 ὃ(
595 2221 642 2267 4.
664 2202 725 2252 C.
742 2203 825 2268 qui
837 2202 934 2253 dar.
944 2215 1092 2252 tutor.
1105 2217 1151 2263 v,
1163 2214 1362 2256 curator.
1376 2201 1492 2270 poss.

429 2271 458 2319 l.
476 2271 519 2317 8.
532 2267 588 2317 C.
603 2270 662 2318 de
677 2269 871 2334 suspefit.
886 2267 1082 2319 tutorib.

376 2373 377 2376 η
427 2338 457 2387 1.
477 2345 545 2386 ιό.
560 2335 623 2386 C.
636 2335 909 2387 deexcusat.
927 2350 1073 2388 tutor.

433 2404 459 2454 l.
476 2421 499 2452 2
510 2402 598 2472 C
610 2402 669 2454 de
681 2402 929 2457 codicillis.

434 2472 464 2520 l.
482 2488 498 2520 1
512 2488 552 2520 2.
570 2469 628 2520 C.
644 2470 703 2520 de
719 2470 1061 2522 fideicommifl'.

437 2540 464 2589 l.
479 2556 522 2591 2.
535 2537 667 2591 (lad
679 2538 794 2594 SCt.
811 2537 1104 2593 Trebellian.

847 2611 902 2666 N
939 2629 973 2680 5
1216 2597 1226 2611 ⁸
1375 2614 1497 2668 l.18.

377 0 506 20 ⁸..
523 0 531 2 ..
569 0 572 2 .
853 0 882 5 ,γ
1016 0 1043 5 ,-
1179 0 1208 4 --
1235 0 1586 7 *CCC-„-

659 1950 726 1997 per
734 1938 890 1997 aliqnod
909 1947 1061 1988 tempus
1070 1935 1178 1975 fimul
1195 1935 1408 1987 imperavit.
1417 1935 1493 1976 Ca-
1576 1967 1580 1971 ,
