1578 2918
115 141 209 195 872

114 220 160 254 A.
178 220 239 255 ch.

120 286 234 295 ..-

515 127 1135 188 APPE·NDIX·.

116 323 230 387 452,
262 303 566 373 telligeretur.
641 306 734 359 Sed
762 308 838 358 tit.
861 323 910 376 7.
937 324 1047 358 nov.
1073 305 1275 370 ineditae
1317 307 1396 367 De
1443 311 1516 361 in}

108 946 221 1010 453·

104 1442 219 1495 454·

263 373 519 443 dulgentiis
539 373 828 443 reliquorum
852 377 901 425 in
922 389 1157 427 contextu
1167 375 1518 430 constitutionis

261 442 328 491 est
356 443 526 492 itidem
560 444 757 494 Storacii
796 461 998 504 nomen,
1036 449 1205 494 Storaci
1238 451 1296 495 P.
1321 449 1384 500 K.
1420 447 1515 499 hoc

260 509 353 574 est,
391 510 634 563 P1·aefe6te
659 511 926 563 Kariffime.
977 514 1216 564 Praeterea
1240 515 1316 565 tit.
1350 521 1422 567 16.
1441 517 1515 567 in.-

260 593 332 629 ter
353 579 405 630 V
407 580 736 641 alentinianeas
768 582 833 632 est
857 587 1070 632 Stauratio
1097 587 1187 634 PP.
1262 583 1441 651 Neque
1462 602 1516 634 a-.

259 647 349 698 deo
373 648 527 716 potest
545 651 595 699 in
620 650 695 700 his
711 650 984 701 nominibus
1009 652 1265 720 quicquam
1299 653 1416 702 certi
1435 652 1516 703 dev

259 716 401 766 finiri.
469 717 607 782 Qin
632 721 783 768 immo
805 718 925 770 laud.
956 721 1031 770 tit.
1056 735 1142 788 45.
1168 721 1218 770 in
1243 720 1358 771 MS.
1383 721 1515 772 Oto-

258 784 369 835 bon.
405 785 475 836 est
512 787 679 838 Albino
704 791 825 844 PPo.
845 787 1077 867 posterior
1098 803 1259 851 *autem
1281 787 1348 839 ibi
1377 791 1520 859 peni-,

258 868 335 905 tus
362 853 648 908 desideratur

558 955 904 993 v1NcoMALvs
939 938 992 990 &
1026 958 1204 994 omno

259 1022 448 1073 Horum
470 1021 586 1074 alter
609 1021 844 1091 Magister
875 1009 1145 1073 officioruin
1178 1023 1365 1074 videtur
1384 1022 1515 1074 fisiffe

259 1109 381 1141 anno
400 1106 518 1156 449.
556 1091 609 1141 δί
629 1106 748 1156 450.
795 1091 1102 1159 Argumento
1123 1091 1242 1146 mihi
1264 1091 1332 1143 est
1354 1091 1513 1143 inscri-

259 1162 362 1227 ptio
390 1177 501 1214 nov,
519 1177 598 1210 un.
622 1162 701 1214 tit.
735 1179 755 1226 3
768 1173 813 1226 5.
837 1158 1127 1209 novellarum
1150 1158 1413 1219 Theodosii
1427 1198 1443 1222 ‚
1458 1160 1511 1217 ὃς

257 1229 328 1276 tii.
358 1242 435 1292 14.
461 1244 619 1283 earum
644 1243 761 1293 quae
776 1225 1096 1276 Valentiniani
1123 1225 1241 1277 sunt.
1267 1226 1510 1296 Corrupte

255 1309 410 1344 autem
433 1295 591 1361 priore
617 1311 728 1354 now
752 1294 865 1344 MS.
899 1293 1054 1344 Otob.
1087 1292 1231 1345 habet
1254 1297 1385 1363 Ofilio
1420 1314 1511 1365 pro

252 1363 295 1409 Ο
322 1366 459 1413 ilioni.
1298 1365 1302 1370 ’

288 1379 321 1433 p
535 1448 639 1483 LEo
663 1429 726 1482 ,δί
764 1446 1102 1486 MA10R1Ast
1138 1447 1236 1484 ΑΛ.

252 1516 310 1566 N
312 1515 567 1584 ovellarum
591 1515 849 1584 Majoriani
876 1517 953 1566 tit.
989 1534 1033 1583 3.
1078 1515 1158 1566 De
1193 1517 1294 1573 ritu
1324 1519 1510 1588 imperii

254 1586 371 1635 Divi
404 1584 658 1653 Majoriani
683 1622 698 1644 ,
737 1584 877 1653 (lege
913 1601 975 1635 ex
1024 1583 1131 1635 cod.
1171 1585 1392 1638 Otobon.
1427 1587 1509 1638 De

253 1668 361 1704 ortu
380 1652 501 1715 δῖε.)
523 1671 633 1705 nov.
657 1670 737 1703 un·
763 1652 885 1721 apud
912 1653 1144 1703 Gothofr.
1167 1653 1236 1706 est

588 1770 594 1775 ,
619 1722 884 1794 Majoriano
909 1737 962 1781 Α.
994 1738 1036 1772 1.
1062 1723 1142 1789 cos:

251 1792 302 1842 in
325 1791 438 1843 MS.
462 1803 624 1842 autem
649 1790 872 1842 Otobon.

517 1871 521 1876 '
578 1861 683 1908 Dno
715 1859 972 1929 Majoriano
991 1858 1044 1909 &⁴
1068 1862 1183 1924 confi

252 1929 308 1978 In
334 1929 496 1990 iisdem
520 1942 755 1998 praeterea
781 1928 979 1980 novellis
1002 1928 1078 1982 tit.
1101 1933 1148 1979 6.
1173 1928 1508 2007 Gothofredus

251 1997 400 2048 edidit

492 2093 493 2096 =
708 2068 813 2133 Ipsis
838 2082 930 2116 ΑΛ.
955 2068 1050 2128 coff.

250 2134 363 2185 MS.
389 2151 502 2186 vero
527 2133 698 2186 Otobo
734 2170 745 2183 .

535 2207 632 2254 Dn.
656 2206 796 2252 Leone
823 2202 875 2252 &⁶
902 2201 1076 2273 Major.
1106 2203 1218 2269 confi

164 2292 167 2295 ’
249 2285 458 2323 attamen
481 2289 552 2322 res
571 2271 741 2322 eodem
761 2270 899 2321 redit.

319 2339 411 2390 Sed
431 2358 623 2391 manum
642 2341 706 2391 'de
730 2339 898 2391 tabula.
921 2341 953 2391 S
990 2338 1196 2391 mbolam
1208 2344 1407 2395 contuli.
1445 2345 1500 2396 Si

253 2422 367 2460 vota
386 2425 489 2458 mea
508 2409 622 2478 quid
645 2409 832 2478 poss'unt
855 2445 868 2467 ,
899 2359 1074 2460 vai'ebis
1096 2408 1190 2459 Vir
1210 2407 1503 2477 christinae,

254 2477 303 2528 &
324 2482 344 2538 ’,
395 2478 521 2544 quod
555 2480 695 2529 unice
710 2526 713 2530 ,
729 2492 929 2546 expet0,
969 2477 1046 2528 me'
1078 2476 1270 2529 amabi&
1313 2481 1504 2533 Dabam

252 2547 508 2600 Henvlitae
529 2565 557 2599 e
574 2547 735 2598 museo
759 2545 879 2616 prid.
897 2547 1006 2597 Kal.
1026 2546 1230 2618 Augusti
1242 2551 1506 2604 mxv·

556 2647 1031 2699 FINIS.
