1612 2970
440 100 1293 230 PRAEFATiQJ

164 274 373 333 huntur
403 273 460 331 in
490 271 670 330 lucem
699 311 719 340 ,
774 285 870 328 aut
908 270 965 327 in
1009 269 1190 328 lucem
1219 265 1356 325 olim
1385 265 1517 347 pro-3

165 352 332 409 tra&a
368 351 633 409 *haetenus
679 351 731 407 ei
770 368 881 406 non
921 350 1292 406 innotuerant.
1401 349 1516 409 Ve-,·
1563 403 1566 410 ,

165 450 287 488 rum
334 428 607 505 quicquid
649 428 710 486 id
751 425 828 483 est
887 427 1045 503 quod
1093 426 1207 483 luci
1255 424 1513 498 publicae
1581 449 1591 456 ·

165 509 470 582 exponitur
497 545 517 573 ‚
568 524 770 580 magno
811 502 932 560 usui
960 503 1065 560 esse
1101 499 1277 578 potest
1300 521 1412 559 non
1442 503 1512 561 iis

163 600 380 642 tantum
424 585 522 659 qui
568 583 860 659 prudentia
897 583 1026 659 juris
1053 582 1296 637 animum
1343 598 1513 637 exco-

165 663 288 719 lunt
312 662 541 718 sed'illis
569 660 733 717 etiam
767 659 870 735 qui
900 664 957 715 in
1004 657 1227 716 historia
1258 661 1314 714 δε
1347 658 1515 715 ratio·

166 741 328 798 nibus
352 755 667 812 temporum
695 736 991 794 versantur.
1136 752 1143 758 “
1239 773 1251 795 v„
1290 774 1294 776 v

250 817 314 874 ld
344 817 570 892 quidem
597 831 660 872 ut
687 815 877 889 paucis
915 812 1199 871 ostendam
1227 828 1247 879 ,v
1289 812 1517 884 ,attendi

166 892 336 950 velim
367 894 437 950 ad
468 912 689 968 operam
719 892 786 948 ab
828 891 1048 948 auci-ore
1078 889 1238 966 hujus
1277 889 1516 967 opuscu-

169 969 213 1026 li
259 970 487 1045 positam
542 971 599 1027 in
657 969 799 1027 veris
869 969 1153 1026 consulum
1201 968 1517 1028 nominibus

171 1047 506 1124 indagandis
533 1086 551 1114 ‚
604 1048 856 1122 adeoque
898 1048 1055 1104 annis
1095 1046 1260 1103 etiam
1289 1048 1342 1104 &
1371 1046 1519 1104 notis

169 1140 484 1199 temporum
544 1145 687 1200 quae
741 1125 872 1181 hinc
927 1124 1267 1200 dependent.
1371 1124 1514 1184 Ver-

169 1203 228 1258 bi
257 1204 461 1278 gratia,
504 1222 675 1277 quum
710 1202 922 1259 nonnisi
952 1222 1064 1260 uno
1097 1201 1185 1258 vel
1213 1201 1386 1259 altero
1416 1221 1512 1276 no-

170 1280 321 1335 mine
362 1279 604 1337 consules
651 1295 907 1337 notentur
935 1280 991 1335 in
1024 1279 1220 1336 codice
1248 1276 1518 1356 justiniag·
1558 1325 1562 1329 .

171 1375 277 1412 neo
289 1396 306 1423 ,
352 1355 502 1413 fastis
538 1357 794 1415 Idatianis
825 1360 880 1411 &
909 1357 1028 1413 aliis
1060 1394 1079 1421 ,
1119 1355 1296 1412 veluti
1327 1358 1518 1420 Aemi-,-

168 1435 314 1490 liano
342 1439 397 1491 &
426 1433 620 1497 Basso,
662 1433 947 1491 Praesente
977 1437 1030 1489 ὃς
1052 1431 1296 1501 Albino,
1335 1433 1517 1491 omni-

169 1529 243 1565 no
269 1511 404 1567 utile
432 1510 511 1566 est
530 1509 738 1584 reliqua
766 1511 930 1567 etiam
950 1508 1097 1565 nosse
1118 1511 1366 1577 nomina,
1397 1511 1511 1586 pri·
1566 1528 1568 1530 ’

168 1606 319 1643 mum
352 1588 510 1661 quod
556 1597 604 1645 w*
632 1599 726 1643 ἴδιον
760 1601 925 1646 vocat
953 1585 1283 1644 Plutarchus
1310 1588 1366 1642 in
1397 1589 1514 1649 vita

169 1663 498 1728 Coriolani,
539 1663 767 1723 alterum
798 1682 998 1719 nomen
1030 1677 1154 1722 οἰκίας
1177 1671 1201 1727 ἢ
1224 1677 1345 1736 γένες
1368 1674 1516 1736 κοινόν,

170 1744 227 1799 &
274 1739 313 1795 fi
357 1757 498 1812 quae
541 1760 705 1814 porro
751 1739 907 1815 plura
953 1758 1119 1815 quam
1161 1742 1261 1812 tria
1291 1744 1516 1802 nomina

170 1815 476 1891 gesserunt,
520 1817 673 1892 quod
703 1835 770 1874 ex
792 1816 1242 1890 inscriptionibus
1271 1821 1518 1896 antiquis

170 1908 266 1949 aut
298 1893 569 1951 historicis
597 1893 914 1970 aequalibus
948 1894 1067 1951 fieri
1100 1896 1299 1964 debet,
1340 1917 1516 1974 quan-

168 1967 476 2045 doquidem
519 1971 675 2047 saepe
718 1972 888 2028 iidem
930 1970 1176 2030 consules
1221 1975 1393 2045 latent
1420 1973 1516 2032 sub

166 2046 290 2104 aliis
344 2048 673 2106 nominibus.
753 2051 942 2124 Quare
997 2050 1102 2106 viri
1155 2051 1311 2109 docti
1356 2052 1514 2129 saepe

165 2142 585 2200 conqueruntur
630 2128 852 2184 nomina
895 2127 1178 2186 consulum
1215 2129 1268 2188 se
1296 2130 1512 2207 legere,

167 2221 311 2274 quae
346 2221 615 2279 nusquam
646 2206 702 2261 in
740 2203 891 2262 fastis
924 2223 1280 2281 comparent,
1337 2227 1513 2284 quum

168 2277 207 2334 fi
239 2281 425 2337 omnia
466 2280 749 2339 consulum
798 2282 854 2338 in
896 2280 1044 2340 fastis
1083 2300 1512 2354 memoratorum
1575 2307 1577 2310 ’

122 2392 124 2394 v
166 2358 393 2412 nomina
438 2359 595 2415 nobis
642 2376 771 2416 nota
801 2358 968 2416 effent
997 2404 1009 2424 ,
1070 2364 1300 2418 omnino
1339 2363 1424 2420 illi
1454 2363 1515 2420 in

166 2430 318 2489 fastis
348 2435 671 2510 legerentur.
752 2436 883 2493 Nec
913 2436 989 2494 est
1021 2440 1180 2512 quod
1211 2438 1392 2497 statim
1416 2440 1514 2498 ubi

168 2509 416 2570 consules
446 2513 662 2591 aliquos
699 2516 838 2572 certi
865 2515 991 2573 anni
1020 2516 1253 2591 legimus
1270 2555 1289 2586 ,
1320 2537 1420 2576 nec
1449 2516 1517 2574 il-

694 2607 695 2611 ’
1375 2615 1380 2620 ·
1425 2593 1513 2651 los
