1612 2970
310 158 1133 221 PRAEFATIO.

39 316 230 361 ‹rarum
261 298 551 358 habuerint
592 317 657 355 ac
682 297 776 354 alii
810 297 919 354 viri
966 298 1025 353 in
1074 296 1182 356 hoc
1212 317 1409 375 genere

53 379 370 457 principes,
409 375 602 434 fideles
629 374 822 433 oculos
850 375 1048 433 habere
1078 391 1406 451 potuerunt,

49 462 130 515 ὅτ’
152 454 633 532 posteris’tradere
665 454 820 531 quod
855 453 1120 531 legerunt.
1204 457 1404 528 Quid?

47 534 207 612 quod
237 533 324 592 his
363 530 491 610 ipfis
507 533 633 607 plus
684 531 966 588 confidere
1002 551 1402 610 nonnunquam

43 611 215 669 lieeat
240 629 407 689 quam
451 612 584 667 viris
617 610 997 674 dostioribus‚
1042 612 1142 686 qui
1186 609 1282 667 fibi
1315 613 1402 668 vi-

41 689 246 748 dentur
284 709 346 746 ea
383 689 442 748 in
486 689 766 764 lapidibus
795 688 967 764 legere
1014 707 1157 763 quae
1200 690 1255 744 in
1289 690 1401 747 illis

38 765 153 844 legi
179 765 394 825 volunt.
479 765 566 821 Eo
597 768 745 823 enim
763 766 1068 822 deventum
1094 764 1175 822 est
1192 805 1209 832 ‚
1250 782 1313 823 ut
1327 768 1399 824 de

31 843 210 902 *abusu
253 844 682 921 inscriptionum
730 859 978 900 veterum
1028 844 1178 900 haud
1215 846 1398 902 minor

39 923 465 980 commentarius
508 923 781 978 conscribi
819 940 987 997 quam
1033 922 1104 978 de
1146 919 1241 978 usu
1274 921 1396 996 pos·

38 997 125 1056 fit.
166 998 226 1056 N
235 1019 309 1057 on
327 1001 420 1058 hic
438 1001 612 1057 modo
641 1001 885 1076 digitum
906 998 1135 1055 intendo
1153 1000 1206 1053 in
1223 1017 1395 1075 genus

37 1075 531 1156 frequentissimum
564 1078 705 1135 illud
724 1078 913 1135 abusus
939 1097 1058 1153 quo
1088 1096 1187 1152 per
1213 1078 1394 1150 expli-

36 1156 328 1214 cationem'
361 1156 665 1233 perversam
696 1156 910 1231 lapides
938 1155 997 1211 id
1028 1155 1188 1229 loqui
1229 1159 1283 1211 &
1313 1170 1392 1211 te-

36 1231 163 1291 stari
179 1234 443 1309 jubentur
459 1250 480 1301 ,·
497 1251 500 1255 ’
516 1236 675 1292 ruod
700 1251 1131 1310 praeconceptae
1157 1232 1391 1307 scripto-

36 1330 158 1370 rum
187 1312 477 1386 opiniones
494 1312 767 1387 flagitant.
838 1312 985 1368 'lllos
1014 1312 1181 1366 etiam
1224 1311 1391 1366 mitto

38 1389 140 1464 qui
167 1388 347 1446 litera-s
371 1389 429 1443 in
459 1387 740 1461 lapidibus
769 1387 894 1460 ipsis
921 1388 1217 1444 efformant
1247 1407 1391 1463 quae

35 1482 194 1523 antea
222 1467 304 1522 ibi
330 1465 399 1522 ab
442 1464 759 1521 auctoribus
797 1463 1044 1536 sculptae
1081 1482 1191 1519 non
1233 1463 1389 1530 sunt,

35 1558 132 1601 aut
171 1543 292 1601 illas
332 1561 476 1619 quae
508 1541 629 1597 sunt
659 1555 1056 1603 transmutant,
1098 1544 1151 1595 ἃ
1176 1539 1214 1596 fi
1247 1560 1390 1615 quae

34 1620 158 1678 funt
185 1621 334 1677 talia.
395 1620 603 1678 Verum
630 1618 863 1673 omnino
893 1615 1234 1673 necessariam
1255 1637 1385 1673 cen·

33 1697 125 1755 seo
138 1699 391 1775 lapidum
416 1699 774 1772 antiquorum
804 1694 1263 1770 topographicam
1289 1694 1386 1751 de-

31 1775 388 1853 scriptionem
409 1814 426 1842 ,
447 1795 559 1852 qua
575 1775 845 1830 indicetur
860 1772 956 1828 ubi
974 1771 1110 1848 lapis
1138 1773 1383 1847 primum

31 1855 289 1912 inventus
315 1852 412 1921 fit,
451 1856 580 1929 quis
609 1854 847 1927 primum
875 1849 1078 1908 viderit
1110 1849 1384 1907 &descri-
1412 1895 1421 1902 .

33 1931 202 2008 pserit
226 1976 242 1999 ,
295 1932 392 1989 ubi
426 1951 572 1988 nunc
601 1930 847 2006 conspici
874 1927 1053 2003 poffit.
1134 1927 1383 1994 Praeter-

33 2029 99 2066 ea
125 2029 299 2086 quum
327 2029 659 2066 non.omnes
688 2007 919 2082 lapides,
936 2025 1038 2081 pro
1068 2006 1279 2063 ratione
1295 2024 1382 2062 ae-

35 2089 167 2144 tatis
198 2107 310 2160 qua
351 2086 557 2164 sculpti
593 2086 717 2143 sunt
747 2091 799 2141 ὃ(
833 2083 1123 2159 sculptoris
1156 2083 1374 2158 peritia,

35 2164 438 2222 charasteribus
465 2164 767 2242 consignati
800 2161 902 2219 sint
928 2161 1240 2236 quifimiles
1255 2160 1381 2218 sunt

33 2242 149 2299 illis
174 2242 376 2320 quibus
404 2243 530 2300 libri
560 2244 710 2321 typis
735 2241 874 2297 editi
898 2237 1131 2296 describi
1160 2237 1334 2294 solent
1355 2281 1379 2306 ,

34 2323 93 2376 ὃ(
118 2320 642 2398 ίειερσεοηιρεηᾶία
674 2337 877 2378 vocum
906 2361 930 2385 ,
985 2317 1379 2390 literarumque

33 2398 447 2473 conjun&arum
475 2398 717 2465 formae,
750 2398 807 2453 in
828 2396 1234 2474 'typographeis
1280 2413 1379 2449 no-

34 2473 155 2532 stris
182 2477 330 2534 haud
356 2492 551 2534 extent
572 2518 588 2543 ,
643 2475 783 2533 utile
811 2475 1042 2530 omnino
1083 2471 1159 2528 est
1193 2472 1378 2547 plures

34 2570 148 2611 uno
173 2553 331 2615 testes
363 2556 560 2614 habere
590 2557 690 2632 qui
718 2551 959 2627 lapidem
988 2550 1163 2609 visum
1179 2548 1378 2606 descri-

739 2631 777 2668 a*
795 2629 831 2668 ᾗ
847 2630 882 2668 ²1²
899 2628 933 2668 ᾗ
954 2628 992 2667 ²*
1224 2627 1376 2693 bant,
