1612 2970
461 96 1266 203 PRAEFATIQ

179 265 414 324 multum
460 263 793 323 confufionis
838 267 893 321 ὃς
923 261 1310 338 scrupulorum
1341 257 1513 318 sustu·-

177 344 378 402 lifl‘ent.
1237 372 1241 373 ν
1384 354 1393 358 ‘

256 420 429 494 Quod
470 419 509 476 fi
538 438 645 476 non
674 438 843 475 unum
876 417 1151 475 Antonini
1177 434 1377 473 nomen
1418 415 1514 473 da-

177 513 269 556 tur
309 498 737 573 Imperatoribus
773 534 790 562 ,
841 495 935 553 sed
979 497 1136 571 plura
1172 496 1514 570 junguntur,

176 577 413 633 necdum
443 590 651 631 certum
694 572 770 629 est
798 574 917 649 quis
946 575 1056 634 illis
1089 572 1404 631 nominibus
1430 572 1516 627 in-

175 654 403 710 dicetur.
483 652 572 708 Sic
629 651 864 708 IVIarcus
903 652 1169 711 Aurelius
1210 650 1517 710 Antoninus

175 730 486 805 appellatur
528 729 750 786 Marcus
778 774 790 794 ,
862 732 960 804 qui
999 733 1055 785 &
1103 726 1467 803 philosophus·
1497 764 1516 792 ‚

178 807 484 864 Commodi
517 808 775 881 pater,in
809 805 983 863 Fastis
1010 807 1079 863 ad
1105 825 1159 861 A.
1188 824 1251 880 [v.
1283 823 1341 861 o.
1374 822 1514 878 913,

162 888 233 940 ·&
261 885 410 940 alibi.
495 883 637 939 Dein
670 882 790 958 post
821 883 980 959 hujus
1012 899 1244 940 mortem
1285 900 1515 957 praeno*

174 980 301 1018 men
332 962 546 1027 Marci,
586 962 800 1034 abje&o
834 962 1035 1025 Lucii,
1075 957 1309 1017 affumfit
1329 961 1513 1017 Com·-

175 1038 371 1094 modus
391 1077 408 1104 ,
444 1043 500 1093 &
538 1037 653 1111 ipse
680 1038 859 1095 dicius
887 1038 959 1095 est
998 1039 1087 1096 M.
1105 1036 1363 1098 Aurelius
1395 1036 1514 1093 An-

175 1115 395 1180 ¹toninus.
477 1115 756 1172 Praeterea
796 1119 852 1171 ὅτ
894 1116 1181 1173 Caracalla
1231 1133 1513 1192 nuncupa-2

173 1199 265 1247 tur
296 1192 382 1247 M.
414 1192 667 1249 Aurelius
695 1193 1013 1252 Antoninus
1029 1195 1096 1250 ab
1123 1192 1511 1267 Eutropiolib.
1604 1210 1612 1216 “

173 1286 344 1324 v111.
397 1288 481 1326 11.
579 1268 887 1325 Censorino
927 1273 997 1327 de
1041 1271 1136 1325 die
1178 1269 1342 1325 natali
1385 1288 1510 1351 cap,

172 1363 284 1401 XVI
300 1366 344 1402 1.
390 1351 445 1401 &
474 1347 529 1400 in
564 1347 919 1402 marmoribus
949 1345 1172 1403 vetustis
1205 1346 1513 1422 compluti-f
1552 1398 1555 1399 γ

172 1423 288 1478 bus.
369 1422 694 1496 Elagabalus
739 1441 968 1498 quoquc
1009 1423 1077 1480 ab
1110 1422 1387 1500 Eutropio
1414 1423 1510 1482 lib.

168 1517 336 1554 vul.
372 1516 456 1572 13.
500 1497 697 1555 iisdem
718 1500 1036 1557 nominibus
1063 1515 1318 1557 vocatur:
1361 1521 1511 1560 crea·

169 1587 262 1631 tus
289 1574 358 1649 est
370 1574 487 1649 post
510 1574 602 1631 hos
629 1575 867 1632 Marcus
894 1576 1161 1634 Aurelius
1194 1577 1514 1638 Antoninus.

172 1651 283 1707 Hic
322 1653 581 1708 Antonini
634 1651 951 1710 Caracallae
988 1652 1152 1727 filius
1190 1653 1511 1730 putabatur.

170 1728 290 1783 Dio
330 1728 543 1786 Caffius
585 1731 750 1786 etiam
795 1731 1010 1786 not'avit
1051 1750 1175 1790 eum
1214 1753 1244 1788 a
1285 1733 1514 1807 quibus-

171 1805 300 1860 dam
333 1807 586 1862 Marcum
615 1807 897 1867 Aurelium
916 1809 1265 1866 Antoninum
1294 1811 1509 1869 distum

169 1881 351 1938 fuiss‘e.
448 1885 532 1939 lta
571 1888 628 1939 δε
671 1886 728 1939 in
773 1883 1028 1961 catalogo
1071 1886 1510 1964 Hieronymiano

166 1958 494 2034 scriptorum
538 1959 1020 2019 ecclefiasticorum
1064 1964 1134 2020 de
1155 1962 1316 2040 Julio
1356 1965 1509 2024 Afri-

127 2103 132 2107 *
167 2055 304 2095 cano
325 2081 348 2103 ,
380 2036 490 2112 sub
529 2037 663 2112 Imp.
711 2037 797 2094 M.
839 2039 1062 2098 Aurelio
1098 2040 1362 2101 Antonino
1414 2046 1509 2123 qni

164 2113 421 2180 Macrino
430 2112 768 2190 succefferat.

242 2191 494 2248 Alterum
526 2207 725 2248 nomen
759 2232 776 2259 ‚
833 2214 949 2270 quo
991 2197 1218 2256 Marcus
1252 2200 1505 2260 Aurelius

149 2267 478 2326 vCommodi
519 2284 671 2345 pater
701 2289 1047 2347 nuncupatur
1073 2320 1086 2340 ‚
1150 2279 1320 2334 Verus
1353 2280 1503 2335 nem-

82 2351 86 2354 ’
144 2362 236 2419 -pe
262 2388 275 2409 ,
320 2347 638 2423 ambiguum
670 2366 895 2425 quoque
923 2351 999 2408 est
1026 2391 1042 2418 ‚
1099 2370 1161 2411 ut
1188 2365 1341 2414 εἰη-Λᾶς
1372 2355 1502 2414 scri-

159 2435 322 2495 ptum
355 2425 446 2480 vel
475 2426 604 2480 huic
634 2425 831 2494 detur,
859 2430 947 2484 vel
973 2431 1219 2509 collegae
1243 2435 1357 2508 ejus
1388 2435 1501 2491 Lu*-

157 2498 268 2567 cio.
350 2501 560 2561 Lucius
591 2506 810 2562 nomine
840 2508 970 2567 Vori
997 2507 1116 2573 solo
1142 2510 1418 2586 indicatur
1441 2517 1501 2568 Sc

143 2601 149 2610 ²
1324 2610 1354 2646 a
1385 2589 1500 2646 col-
