1586 2944
135 155 264 260 34b
603 91 860 192 FJA¹S
925 136 977 189 Τ
1041 126 1071 212 1]

510 343 873 419 Onuphrianat
920 357 1028 392 nam
1062 357 1257 409 putatur
1282 324 1376 394 effe
1406 341 1531 393 idem

521 430 637 464 cum
671 411 872 462 Titiano
909 410 993 475 qui
1031 410 1178 462 Pnaes.
1225 410 1332 462 urb.
1369 408 1464 461 fuit
1493 424 1532 459 a.

527 497 639 547 340.
676 479 735 529 de
759 495 859 544 quo
882 477 989 527 vide
1004 477 1401 530 Gothofredum
1383 495 1429 524 m
1440 493 1536 544 pro-

482 546 791 614 sapographia
810 545 975 595 ecdici:
1000 546 1266 612 Theodosium
1287 544 1345 596 ad
1365 561 1535 596 vocem

524 618 738 665 Tttianus.

460 683 490 733 1.
509 701 553 734 2.
568 684 630 734 C
647 680 842 733 Theod
864 679 924 736 de
946 681 1155 733 contrah.
1169 699 1246 732 em
1252 697 1319 748 pt.
1365 723 1367 725 ,
1520 654 1586 775 ᾧ

710 779 721 799 ⁴
794 788 804 798 .
874 748 1120 800 deannon.
1136 751 1367 802 &tribut.
1502 748 1554 811 ε’
1567 756 1578 776 ‘³

506 767 555 868 ἓ.
713 856 722 865 .
795 842 805 865 .-
875 815 933 866 de
958 817 1144 866 distrah.
1162 817 1352 885 pignor
1369 825 1414 884 q
1406 815 1543 890 tnb

509 893 554 935 2.
628 904 641 934 .·
713 923 724 933 .
795 922 804 932 .
873 882 930 932 de
946 883 1147 934 excusat.
1162 884 1333 935 artific
1515 935 1518 937 .

514 951 682 1020 3.C.s1
701 965 856 1016 propt
870 950 1046 1016 public.
1063 950 1192 1016 pens
1197 966 1275 1002 tat
1364 985 1367 987 Α
1447 957 1469 973 ²

511 1038 557 1082 7.
573 1021 633 1069 C.
637 1020 697 1068 de
713 1035 794 1084 rep
799 1019 872 1068 ud
891 1018 940 1067 ὃ(
950 1017 1100 1084 Jud1c
1114 1017 1174 1066 de
1191 1019 1364 1070 morib.
1378 1017 1544 1091 sublat.

518 1105 556 1138 1.

570 1088 630 1138 C
644 1087 702 1136 de
717 1037 1056 1136 excusationib.
1070 1084 1240 1138 artific-

582 1155 705 1200 Haec
739 1157 805 1196 lex
836 1154 936 1195 data
969 1166 1021 1195 ιν
1046 1168 1138 1195 non.
1160 1153 1271 1211 Aug.
1302 1153 1545 1198 inscribitur
1583 1199 1586 1203 ⁴

671 1211 710 1255 C
713 1211 966 1265 onstcmtmus
978 1209 1032 1252 A.
1051 1209 1123 1252 sed
1138 1212 1222 1253 hoc
1235 1222 1435 1268 tempore
1450 1215 1547 1255 nul-

673 1271 742 1311 lus
763 1278 851 1311 erat
874 1266 1116 1324 Augustus:
1135 1275 1237 1311 nam
1252 1282 1322 1312 XI
1346 1269 1434 1314 kal.
1445 1269 1545 1323 Jun.

676 1325 986 1370 Constantinus
1009 1325 1197 1381 obierat,
1222 1326 1262 1370 ὅ(
1283 1340 1309 1369 ν
1335 1327 1400 1371 Id.
1429 1327 1549 1383 Sept.

673 1385 851 1427 demum
874 1394 959 1427 tres
985 1383 1027 1426 in
1056 1386 1220 1428 locum
1242 1385 1333 1440 ejus
1364 1384 1549 1440 Augusti

674 1443 911 1498 nuncupati
933 1442 1030 1485 sunt
1051 1442 1170 1495 ¹teste
1203 1443 1344 1487 Idatio
1363 1476 1376 1497 ,
1424 1443 1550 1487 Con—

671 1499 878 1545 stantinus
901 1533 912 1556 ,
946 1499 1229 1544 Constantius
1253 1501 1294 1544 δε
1317 1500 1547 1545 Constans,

673 1560 871 1615 adeoque
895 1559 985 1602 dffes
1011 1561 1120 1602 alius
1152 1559 1356 1615 subscribi
1379 1559 1519 1603 debet.

465 1622 496 1684 1.
525 1649 568 1682 2.
590 1621 651 1682 C.
675 1630 736 1681 de
761 1647 894 1682 omn.
920 1645 1020 1698 agr.
1052 1629 1222 1680 desert.

587 1709 710 1754 Haec
735 1714 809 1753 lex
825 1709 1028 1765 inscripta
1048 1709 1105 1751 est
1122 1707 1230 1750 Im.
1252 1706 1549 1763 Constantinus·

670 1767 738 1822 A,
779 1768 819 1811 ἃ
841 1767 998 1810 dicitur
1021 1765 1119 1808 data
1179 1764 1442 1820 hqffalonicae
1466 1779 1549 1809 vm

658 1824 738 1867 Id
764 1823 963 1868 Decemb.
1011 1821 1059 1866 S1
1080 1835 1185 1881 ergo
1219 1823 1441 1879 inscriptio
1474 1824 1551 1866 bo-

674 1896 732 1925 na
763 1882 856 1935 est,
899 1881 940 1924 &
974 1880 1202 1925 referenda
1225 1880 1278 1924 ad
1302 1881 1553 1925 Constanti-

678 1953 786 1984 num
810 1913 884 1983 M.
915 1939 1072 1982 debent
1085 1940 1243 1983 mutari
1267 1938 1333 1982 Id.
1358 1937 1553 1984 Decem-

656 1999 771 2052 br.
759 2012 804 2041 m
830 1998 992 2052 aliquas
1017 1997 1115 2040 Idus
1138 1997 1352 2042 mensum
1364 2008 1464 2042 ante
1475 1997 1553 2051 -Ju-

674 2057 798 2100 nium
819 2089 831 2111 ‚
873 2057 1029 2111 quibus
1064 2055 1204 2100 adhue
1231 2056 1403 2100 vivebat
1428 2055 1553 2100 Con-

670 2115 891 2158 stantinus.
919 2113 962 2157 Si
975 2125 1119 2170 afutem
1133 2114 1194 2162 sad
1209 2113 1552 2158 Constantinum

675 2174 750 2228 qui
776 2176 814 2215 ei
840 2171 1031 2215 succeffit
1054 2172 1280 2216 referenda
1303 2171 1360 2215 est
1377 2205 1390 2227 ,
1409 2171 1552 2216 Thes-

674 2231 892 2275 salonicae
906 2244 997 2275 non
1011 2230 1154 2275 fuisset
1167 2232 1266 2274 data
1279 2261 1293 2285 ‚
1306 2243 1410 2274 nam
1425 2230 1567 2274 Con·'

678 2290 820 2333 stantis
850 2303 1015 2334 nomen
1040 2314 1056 2344 ,-
1097 2290 1167 2335 cui
1199 2288 1473 2337 Macedonia
1506 2289 1552 2334 in

671 2349 879 2392 divifione
902 2347 1069 2404 imperii
1089 2345 1246 2404 obtigit
1260 2381 1272 2402 ,
1288 2348 1471 2392 *deberet
1487 2348 1552 2390 in-

680 2409 831 2460 scribi,
863 2418 936 2450 aut
956 2406 1203 2451 Constantii
1224 2406 1298 2462 qui
1325 2407 1411 2450 boc
1432 2405 1556 2448 anno*

667 2479 778 2510 scum
793 2465 1021 2509 Constanti
1032 2465 1123 2511 fere
1145 2475 1448 2516 commoratus
1467 2464 1550 2506 Fuit

678 2525 723 2570 in
749 2522 903 2570 iisdem
924 2524 1053 2570 locis.

460 752 493 801 1.

461 820 492 868 1.

461 887 492 936 1.

463 955 493 1003 1.

463 1022 493 1071 1.

463 1090 506 1139 1.

1288 2586 1292 2589 “
1357 2575 1545 2627 Felicia·-
