1586 2944
137 179 154 196 0
340 135 1140 192 CON>SULARES.
1313 158 1417 214 573

24 217 165 278 *aare
213 217 290 254 cnr.

37 283 307 304 —'.-a—
343 284 351 293 '

35 316 166 423 1365
190 350 296 404 4¹4
406 347 590 416 „geffit
626 347 687 398 A.
711 348 777 401 V.
803 355 935 399 1166.
962 346 1148 416 collega
1181 313 1256 399 Fi.
1282 348 1425 402 Con·

405 453 438 478 „
457 418 634 478 stante,
668 433 722 468 ut
753 416 926 468 scimus
948 432 973 466 e
1001 415 1302 468 Marcellino.
1337 462 1348 469 ,,
1375 419 1423 468 1-
1492 485 1494 487 K
1547 475 1552 479 ,

412 485 612 546 „datius
635 484 685 534 &
721 485 923 552 Prosper
948 483 1268 549 Aquitanicus
1308 502 1422 537 curn

410 554 490 614 ‚‚l.
512 553 558 604 8.
577 552 639 602 C.
656 551 716 603 de
737 554 786 603 in
810 555 982 620 integr.
1007 551 1154 603 restit.
1174 552 1224 602 &
1246 553 1277 602 l.
1307 554 1424 620 3.C.

362 621 366 624 ’
414 623 550 688 „qui
575 621 623 671 in
645 621 908 687 legit.pers.
944 618 1092 668 standi
1117 619 1351 688 collegam
1377 639 1426 671 e·

411 690 538 756 „jus
581 689 832 739 omittunt.
903 688 1024 738 Non
1079 687 1320 742 mentitus:
1358 689 1426 739 est

413 786 451 814 2,
466 756 778 806 Marcellinus
801 772 944 823 quem
973 753 1225 806 confirmat
1247 754 1427 824 Olym-

407 852 445 881 „
462 823 703 888 pio‘dorus.
733 823 1039 873 Constantius
1065 823 1181 872 olim
1211 822 1430 892 designa-

412 904 540 948 „tus
563 888 727 939 consul
753 890 1004 954 aliquando
1020 890 1276 940 Ravennae
1300 909 1428 941 crea·

409 986 444 1016 a,
457 971 538 1007 tur
551 993 563 1015 ‚
577 971 690 1007 cum
708 972 807 1021 quo
833 956 1426 1024 Constantinopolitanum

410 1022 764 1083 „consulatum
793 1022 1030 1072 Constans
1056 1025 1180 1089 gerit
1217 1064 1426 1075 .....

413 1123 447 1152 ,,
465 1092 690 1143 Alterum
713 1090 1011 1142 consulatum
1029 1090 1163 1158 geffit
1187 1109 1298 1143 cum
1315 1093 1430 1143 Ho-

416 1161 605 1222 „norio
630 1159 719 1211 Xl.
746 1175 797 1209 A.
822 1175 870 1210 v.
891 1167 1035 1218 1169.
1074 1176 1174 1226 quo
1197 1160 1297 1227 ipso
1315 1178 1428 1211 cum

415 1227 602 1288 „Galla
637 1226 844 1277 Placidia
895 1226 1111 1277 Honorii
1146 1227 1196 1277 ὃς
1233 1229 1428 1279 Arcadii

413 1295 626 1353 „sorore
647 1294 834 1359 nuptias
857 1293 1117 1343 celebravit
1152 1333 1162 1343 .
1199 1334 1207 1343 .
1249 1335 1259 1344 .
1297 1297 1430 1346 Ter-

417 1362 534 1422 „tio
560 1360 806 1418 consulatu
830 1396 844 1422 ,
895 1377 1043 1427 quem
1067 1360 1204 1428 geffit
1244 1363 1427 1431 collega

413 1427 744 1490 „Theodosio
774 1428 880 1495 jun.
906 1431 1040 1496 Aug.
1065 1428 1157 1479 lX.
1182 1430 1275 1480 cos.
1303 1449 1355 1481 Α.
1377 1451 1427 1483 v.

415 1530 450 1559 ‚‚
470 1514 486 1546 1
503 1513 611 1560 172..
650 1496 699 1546 in
722 1496 1017 1547 consortium
1042 1496 1232 1564 imperii
1254 1499 1429 1549 affum-

418 1579 548 1627 „tus
584 1567 634 1615 &
668 1582 796 1615 anno
825 1564 1051 1630 sequente
1084 1580 1305 1617 mortuus
1337 1567 1425 1630 est,

418 1665 450 1693 ‚,
470 1648 525 1683 ut
561 1631 721 1683 scribit
755 1632 972 1699 Prosper.
1045 1633 1139 1683 Sed
1177 1630 1351 1684 ldatius
1376 1635 1427 1684 in

416 1700 697 1761 „chronico
718 1699 803 1767 qui
817 1714 1066 1751 mortuum
1090 1700 1247 1752 statuit
1265 1702 1312 1750 in
1330 1715 1431 1752 ter-

413 1769 530 1829 „tio
554 1766 800 1819 consulatu
831 1768 1059 1837 Agricola
1097 1768 1148 1819 &
1174 1768 1429 1820 Eustathio

417 1870 452 1899 2,
469 1837 581 1888 coss.
599 1854 725 1888 anno
749 1835 889 1886 etiam
912 1851 1033 1895 ante,
1063 1836 1158 1887 hoc
1179 1837 1274 1896 est,
1310 1838 1434 1888 Mo-

415 1907 607 1963 „naxio
649 1905 699 1954 &
736 1903 896 1955 Plinta
927 1904 1040 1954 coss.
1084 1904 1429 1969 Imperatorem

415 1972 758 2039 „appellatum
796 1972 888 2022 ess'e
924 1972 1043 2022 vult.
1112 1973 1158 2020 A
1195 1972 1432 2037 Prospero

417 2076 449 2100 ,.
467 2039 554 2091 stat
575 2034 905 2090 Caffiodorusf
930 2038 1295 2089 Nobiliffimum
1312 2039 1431 2090 Cae-

420 2105 613 2166 „sarem
637 2106 859 2156 describit
891 2123 1067 2156 numus
1098 2106 1222 2172 apud
1258 2106 1430 2158 Ostav.

418 2210 450 2233 „
468 2172 680 2223 Stradam
709 2189 814 2238 pag.
841 2185 949 2234 209.
984 2173 1063 2221 sed
1089 2174 1429 2241 Imperatorem

417 2256 622 2302 „tamen
667 2237 804 2289 fuifle
838 2239 1225 2306 Olympiodorus
1261 2242 1313 2291 &
1357 2259 1436 2291 re-

421 2342 455 2370 „
474 2308 700 2374 scriptum
726 2305 996 2359 Constantii
1031 2309 1189 2374 (quod
1212 2326 1272 2359 ex
1297 2323 1439 2360 vetu-

419 2413 456 2438 ‚,
472 2376 543 2426 sto
558 2373 745 2425 Codice
760 2374 1054 2442 descriptum
1071 2375 1333 2442 publicavit
1351 2377 1443 2428 Ba-

415 2443 629 2505 „ronius
663 2441 712 2491 in
738 2460 794 2494 A.
823 2461 870 2494 C.
891 2458 1002 2511 420.
1021 2460 1070 2507 n,
1090 2448 1171 2511 2.)
1221 2444 1325 2497 satis
1359 2444 1446 2495 de-

422 2548 452 2576 „
471 2510 748 2564 monstrant.

1307 2583 1430 2651 Imp.
