1578 2918
47 215 155 253 ια
449 148 1067 209 PASTORU'M.
1318 157 1471 239 5865!

46 320 165 375 441.
196 321 289 425 {tle
312 321 410 376 quo
438 320 597 365 tamen
634 312 686 361 in
721 313 836 367 MS.
870 314 991 369 nihil
1025 312 1091 366 est
1123 327 1307 385 praeter
1342 319 1449 365 Ciro

105 407 107 410 .
186 389 193 401 ι
277 394 316 426 o.

488 510 741 549 Evnost
776 496 827 548 &
861 512 1151 551 DiosCORVS.

196 601 344 654 Hisce
375 607 641 660 consulibus
671 609 794 679 apud
828 609 985 662 Goth.
1009 612 1113 662 data
1135 612 1310 680 legitur
1331 630 1441 664 nov.

195 685 240 720 2.
263 673 338 723 tit.
369 690 387 724 1
405 694 440 728 ι.
476 695 593 746 quae
624 680 673 730 in
699 679 805 731 cod.
838 679 991 731 Otob.
1018 698 1245 751 perquam
1279 681 1443 732 vitiose

191 736 440 818 subscripta
457 747 526 797 est
539 787 555 812 ‚

496 819 709 881 Diofhoro
730 817 782 869 &
810 817 1033 883 neodofio
1053 825 1134 869 CS.

192 876 313 930 Illud
337 900 453 934 vero
485 886 751 937 monstrum
783 886 994 938 leetionis
1013 888 1107 949 est,
1146 887 1274 957 quod
1296 886 1440 938 habe-

191 960 268 996 tur
288 950 339 998 in
361 951 531 1002 eodem
554 954 660 1004 cod.
686 957 763 1011 tit.
792 974 875 1025 42.
896 974 1007 1007 nov.
1035 975 1080 1006 2.

277 1022 324 1066 E
350 1021 516 1070 olitid'io
541 1026 672 1071 Scoro
694 1025 746 1074 (ῥ’
773 1026 976 1074 Eudoxio
997 1031 1043 1076 V
1040 1030 1094 1075 V.
1118 1029 1205 1073 CC.
1236 1025 1348 1089 cons.

188 1083 300 1135 Con
322 1087 454 1139 usum
474 1103 630 1140 autem
650 1092 718 1140 est
741 1109 916 1142 nomen
939 1094 1064 1156 loci,
1097 1092 1178 1142 ubi
1193 1092 1302 1142 data
1322 1093 1437 1142 haec

90 1159 108 1165 ”
186 1165 296 1206 nov.
330 1173 442 1208 cum
470 1158 579 1227 ipfis
612 1159 889 1211 consulibus.
956 1159 1189 1213 Rescribe
1228 1161 1375 1229 igitur
1409 1177 1436 1210 e

187 1220 419 1275 Gothofi·.
440 1228 613 1296 exigua
633 1230 894 1278 mutatione
909 1224 940 1292 ,Α
1167 1230 1171 1234 ’

385 1297 560 1364 Spoleti.
599 1300 805 1360 Dioscoro
831 1298 883 1347 ό*
906 1298 1099 1347 Eudoxio
1125 1308 1231 1347 (Τι’.

186 1358 416 1412 Ceterum
449 1363 531 1413 hic
575 1364 821 1415 Eudoxius
852 1365 1190 1416 Valentiniano
1224 1381 1279 1415 A.
1301 1385 1347 1417 v.
1382 1366 1433 1418 &

175 1428 409 1492 Anatolio
432 1432 541 1482 cosi:
561 1432 740 1483 Comes
760 1450 914 1484 rerum
936 1435 1222 1502 privatarum
1244 1434 1434 1486 videtur

142 1554 146 1558 v
182 1495 326 1548 fiiifle.
400 1500 626 1551 Profe&o
659 1519 769 1552 nov.
802 1519 881 1552 un.
912 1504 987 1552 tit.
1023 1501 1100 1553 28.
1136 1502 1432 1565 inscribitur,

178 1565 315 1638 Impp.
337 1569 504 1621 Theod.
530 1570 582 1620 (ῥ’
602 1574 772 1621 Valent.
794 1573 923 1621 AA.
953 1574 1152 1621 Eudoxio
1174 1576 1292 1621 Com.
1308 1577 1361 1623 R.
1375 1577 1428 1627 P.

421 1698 667 1736 MAxmvs
699 1703 754 1739 11.
792 1683 845 1735 &
881 1702 1171 1739 PATERNVS

177 1792 462 1864 Complures
484 1797 695 1850 novellae
715 1799 803 1850 hos
824 1799 1031 1850 consules
1051 1797 1325 1867 subscriptos
1345 1800 1430 1850 ha4

175 1860 317 1923 ben't:
353 1862 430 1915 sed
454 1883 542 1933 pro
566 1871 749 1916 Paterno
766 1907 781 1930 ,
804 1867 932 1936 quod
951 1868 1126 1927 miror,
1149 1867 1303 1919 ubivis
1313 1886 1428 1918 con-

175 1929 345 1989 stanter
366 1939 537 1983 Pateria
572 1935 773 2003 legitur,
812 1951 906 1987 tam
937 1935 1058 2004 apud
1093 1936 1247 1986 Goth.
1286 1955 1427 2005 quam

176 1998 225 2048 in
247 2000 357 2050 cod.
395 2003 551 2057 Otob.
594 2003 679 2054 nifi
711 2005 835 2056 forte
872 2005 1000 2074 quod
1038 2006 1115 2055 tit.
1142 2022 1218 2054 11.
1242 2023 1352 2058 nov.
1384 2024 1427 2056 1.

174 2066 299 2135 apud
323 2066 452 2126 laud.
474 2071 706 2125 Gothofr.
732 2072 829 2135 est,

328 2159 547 2203 ..Maximo
577 2171 654 2204 11.
681 2167 747 2206 (9⁴⁶
773 2161 956 2208 Paterno
986 2160 1041 2208 V.
1071 2164 1122 2208 C.
1144 2162 1260 2222 confi

175 2222 363 2273 Praeter
397 2223 512 2273 illud
532 2236 703 2274 -autem
736 2226 829 2276 alio
866 2242 1058 2295 quoque
1098 2226 1218 2279 vitio
1249 2225 1426 2281 laborat

174 2308 286 2342 nov.
309 2307 387 2341 un.
408 2292 483 2342 tit.
507 2308 589 2342 22.
615 2292 740 2361 apud
760 2295 987 2354 eundem,

397 2377 611 2426 Maximo
640 2393 660 2426 1
676 2396 716 2428 1.
742 2388 809 2428 (9⁴¹
841 2383 1013 2427 Pateria
1033 2395 1079 2429 v.
1100 2382 1194 2441 eff

96 2448 98 2450 ’
173 2463 261 2515 pro
284 2450 470 2495 Paterno
491 2449 546 2496 V.
572 2451 625 2496 C.
659 2449 757 2510 coffi
828 2445 907 2496 Ad
936 2447 1053 2498 haec
1089 2445 1215 2497 deest
1248 2447 1314 2498 ibi
1335 2464 1423 2498 no·

175 2531 284 2564 men
321 2513 446 2564 urbis
456 2551 472 2575 ,
508 2513 591 2567 ubi
624 2531 736 2566 nov.
773 2514 878 2566 data
918 2515 1011 2579 est,
1046 2531 1158 2566 cum
1181 2515 1233 2566 in
1269 2516 1423 2567 Otob.

170 2583 283 2635 MS.
310 2581 531 2635 habeatur
562 2587 680 2635 Rav.
712 2582 807 2634 hoc
837 2582 902 2634 est
923 2585 1200 2645 Ravennae.
1273 2586 1423 2636 Porro

778 2652 861 2703 Iii
900 2667 923 2720 3
1366 2669 1427 2704 ex
