1612 2970
398 164 1208 227 PRAEFATIO.

120 308 328 371 buunt,
370 304 524 382 quod
546 304 607 361 ‘ei
641 305 939 362 convenire
977 305 1330 381 exploratum
1370 307 1465 365 est.

120 383 449 453 Graviffime
486 388 642 458 {aepe
684 383 741 439 in
774 382 860 441 his
886 386 1049 440 errari
1082 383 1230 442 testis
1256 384 1335 441 est
1372 387 1466 443 Se-

110 456 332 520 leundas
360 459 639 520 Sallustius
669 460 858 517 consul
877 481 924 518 a.
961 468 1089 537 363.
1121 461 1467 538 quiPromo-

76 566 83 570 ·
113 540 161 598 ti
175 558 484 617 cognomen
510 538 672 596 habet
691 539 746 595 in
767 537 917 596 fastis
937 540 1348 615 Onuphrianis,
1367 543 1466 598 Al-

109 619 512 690 melove'nianis
531 622 585 674 &
601 618 749 682 aliis,
766 617 924 692 quod
938 620 1089 690 apud
1110 619 1466 675 Ammianum

111 695 213 753 lib.
249 696 645 771 xx11.'legatur
671 694 852 751 Brevi
880 694 1064 752 deinde
1090 694 1318 752 Secundo
1344 697 1466 752 Sal-

103 768 257 847 Itgstio
268 808 290 841 ,
297 786 536 850 promoto
562 773 857 845 Praey‘eft'o
868 775 1150 848 praetorio
1164 818 1187 840 ,
1197 775 1465 846 summam

103 851 460 927 quaestionum
483 849 860 930 agitandarum
875 862 936 907 ut
948 849 1064 924 fido
1091 850 1350 922 commistt.
1396 853 1465 908 ld

110 929 643 997 Valesiusnotavit,
673 941 980 1006 promotum
1009 943 1302 1004 acceptum
1332 926 1464 985 fuis-

106 1003 166 1065 se>
184 1024 293 1083 ..pro
320 1009 543 1066 nomine
561 1047 577 1073 ,
617 1026 793 1083 quum
819 1007 885 1064 fit
916 1007 1289 1083 participium.

132 1115 138 1119 -
166 1085 401 1144 'Verum
433 1101 647 1163 praeter
663 1085 956 1142 nominum
984 1084 1350 1142 consularium
1366 1089 1460 1141 ¹ac-

102 1177 350 1235 ‘curatam
404 1164 677 1230 notitiam„
701 1163 927 1222 alteram
968 1181 1197 1241 quoque
1246 1163 1460 1219 utilita-

104 1247 225 1297 tem
246 1241 317 1297 ‘hi
338 1241 469 1300 fasti
498 1242 841 1317 praebebunt
871 1285 886 1306 ,
946 1242 1103 1318 quod
1135 1241 1192 1297 in
1237 1240 1461 1298 Codice

101 1314 451 1392 justinianeo
476 1318 764 1376 consulum
794 1321 1020 1377 nomina
1041 1358 1059 1385 ,
1100 1338 1241 1395 quae
1267 1318 1458 1394 legun·

106 1409 196 1451 tur
218 1392 551 1469 subscripta,
592 1414 706 1450 non
738 1394 839 1450 sint
862 1396 1221 1453 suffectorum
1251 1394 1343 1452 sed
1371 1416 1460 1453 or·

106 1471 469 1530 dinariorum.
548 1471 627 1526 At
656 1471 784 1545 quis
821 1471 1040 1546 ignorat
1067 1473 1267 1546 quanti
1292 1475 1460 1529 inter·

105 1548 174 1606 fit
214 1549 352 1607 scire
378 1550 482 1626 qui
514 1567 638 1605 nam
666 1547 872 1604 suerint
902 1546 1149 1605 consules
1193 1549 1459 1606 ordinarii

105 1626 216 1684 suis
243 1628 434 1694 annis,
475 1644 653 1703 quum
682 1624 784 1701 ipfi
816 1626 945 1681 anni
972 1623 1086 1682 fere
1115 1624 1265 1682 haud
1298 1628 1459 1684 aliter

104 1703 520 1781 distinguantur
546 1723 708 1779 quam
728 1722 825 1779 per
862 1701 1108 1761 consules
1134 1742 1151 1770 ‚
1168 1705 1458 1782 quareJu-

99 1782 284 1843 lianus
297 1798 434 1840 orat.
454 1803 524 1839 11.
543 1781 886 1839 consulatum
915 1788 1123 1851 ἐπώνυμον
1148 1788 1177 1842 ξ
1203 1790 1295 1840 ἕως
1317 1791 1459 1854 α’ςχιῖν

104 1875 273 1917 vocat
304 1904 318 1924 ,
375 1866 431 1918 &
474 1860 766 1935 scriptores
808 1859 1114 1933 primorum
1151 1880 1181 1916 a
1225 1858 1456 1925 Christo

104 1954 238 1997 nato
274 1936 610 2001 seculorum,
645 1937 737 1994 seu
770 1935 1077 1993 Christiani
1105 1935 1195 1994 seu
1210 1937 1319 2002 alii,
1353 1940 1456 1995 vix

103 2014 218 2073 alio
239 2016 550 2074 charactere
589 2035 758 2072 annos
790 2013 1132 2092 distinguant
1158 2033 1326 2090 quam
1355 2035 1451 2072 no-

103 2095 348 2151 minibus
393 2092 697 2150 consuium.
784 2092 1024 2169 Joannes
1069 2091 1404 2151 Dodwellus
1434 2133 1455 2161 ‚

103 2171 207 2243 qui
232 2172 287 2228 ·fi
331 2175 456 2249 quis
496 2172 632 2229 alius
675 2187 985 2246 temporum
1026 2170 1293 2227 rationem
1324 2173 1454 2229 illu-

102 2247 294 2306 stravit
325 2289 344 2316 ,
399 2250 531 2306 inde
598 2249 771 2306 telum
838 2248 1141 2322 depromsit
1197 2247 1454 2308 adver-sus

103 2325 521 2391 Falconerium,
568 2328 671 2404 qui
699 2328 961 2384 Severum
985 2329 1036 2384 &
1070 2328 1452 2396 Sabinianum,

0 2434 36 2469 c
103 2421 246 2477 quos
275 2425 333 2462 A.
362 2426 416 2462 v,
450 2422 506 2462 c,
533 2406 647 2481 908
684 2404 833 2462 Fasti
861 2403 1108 2462 consules
1149 2405 1451 2474 exhibent,

67 2499 214 2537 -non
255 2484 564 2541 ordinarios
605 2481 766 2541 fuisse
800 2481 891 2539 sed
929 2481 1188 2540 suffe&os
1220 2499 1449 2540 conten-

102 2558 268 2636 debat
303 2562 364 2620 in
407 2561 856 2639 inscriptionibus
897 2561 1175 2619 athleticis
1200 2606 1225 2629 ,
1277 2562 1455 2636 idque

753 2638 792 2712 f*
812 2637 904 2678 *ἶ*
943 2651 985 2715 4
1220 2639 1454 2716 probare
