1612 2970
329 213 1170 296 ·PRAEFAT10

76 349 254 418 fectos'
269 398 288 428 ,
328 359 488 438 quod
505 360 674 433 etiam
710 358 1051 418 existimavit
1068 355 1435 438 Spanhemius

75 438 134 495 in
159 455 330 514 opere
358 439 429 496 de
454 437 644 513 praest.
679 441 736 495 δε
769 436 866 496 usu
885 440 1142 497 numism.
1164 452 1331 517 quem
1347 442 1432 510 lo-

73 533 206 595 cum
234 517 408 575 video
432 506 654 575 fratrem
674 537 859 574 meum
890 517 959 575 ad
989 517 1237 576 consules
1271 514 1432 594 hujus

66 595 213 650 ‹anni'
239 613 366 672 193.
389 597 501 672 jam
519 593 711 652 lestori
729 596 826 653 suo
852 593 1119 653 indicass‘e
1151 636 1170 664 ‚
1211 611 1273 654 ut
1301 598 1435 663 inde,

70 669 366 731 illustratio
403 672 562 747 hujus
603 672 983 750 inscriptionis
1013 683 1305 750 peteretur.

151 749 244 808 Ut
273 761 441 826 porro
471 752 685 827 liqueat
718 770 887 828 quam
918 750 1110 809 faciles
1143 754 1199 809 in
1229 753 1427 813 dandis

69 822 205 884 huIc
246 827 406 886 illive
447 828 660 888 consuli
700 829 1146 904 praenominibus
1190 832 1424 906 quidam

0 911 4 914 ’
68 900 280 974 fuerint
294 945 318 974 ,‚
332 905 559 965 observa
589 926 735 964 anno
753 927 904 964 aerae
934 905 1283 965 Christianae
1316 928 1419 984 152
1452 974 1453 977 Ἴ

64 979 315 1043 consules
368 985 673 1044 ordinarios
728 982 888 1042 fuisse
942 984 1306 1042 Glabrionem
1363 991 1420 1043 &

14 1060 24 1071 ⁵
63 1057 428 1120 Homullum.
522 1063 807 1122 Nonnulli
858 1064 1099 1139 priorem
1138 1063 1420 1122 consulem

59 1139 348 1218 appellant
404 1141 636 1200 Sextum
720 1142 965 1198 Acilium
1039 1139 1419 1199 Glabrionem.

61 1211 287 1274 Nobile
323 1217 402 1275 est
443 1238 643 1277 nomen
685 1219 1054 1278 Glabrionum
1098 1221 1245 1277 inter
1284 1239 1418 1277 con-

57 1291 199 1349 sules
216 1332 236 1360 ‚
290 1298 394 1370 qui
424 1298 483 1353 in
525 1297 676 1355 fastis
706 1299 837 1355 octo
866 1298 985 1354 hoc·
1011 1300 1236 1353 nomine
1265 1300 1418 1355 ordi-

59 1369 202 1426 narii
232 1368 534 1448 legunturs
567 1374 680 1448 Ipsi
712 1394 885 1450 genus
916 1374 1072 1431 suum
1103 1373 1416 1433 referebant

56 1446 137 1502 ad.
161 1447 408 1506 Aeneam
443 1454 499 1505 δε
528 1466 758 1506 matrem
791 1450 1064 1505 Venerem
1087 1488 1105 1515 ‚
1140 1452 1225 1506 uti
1256 1469 1414 1510 notat

57 1524 420 1585 Herodianus
462 1525 732 1594 historiar.
773 1526 871 1582 lib.
915 1545 1005 1583 11.
1038 1544 1090 1600 3.
1148 1532 1413 1591 ἐυγενὲςωτοι
1466 1586 1472 1597 ¹

55 1601 200 1659 disti
230 1603 401 1650 πάντων
436 1606 710 1662 {um-spadam
793 1602 1025 1658 Nomen
1060 1604 1241 1679 gentis
1276 1605 1408 1661 Aci-

53 1677 160 1738 liae
191 1678 417 1756 fingulis
450 1696 521 1735 ex
554 1677 638 1736 his
666 1679 839 1736 tribui
870 1678 1008 1736 solet
1026 1718 1045 1745 ‚
1084 1681 1137 1737 δ(
1180 1697 1406 1753 praeno·

52 1774 181 1815 men
211 1757 431 1823 Manii,
470 1775 586 1813 uno
615 1773 892 1834 excepto,
932 1755 1154 1814 consule
1183 1777 1229 1814 a.
1277 1774 1405 1832 152.

53 1851 222 1911 quem
250 1831 484 1891 Sextum
516 1851 721 1891 vocant
753 1875 770 1901 ‚
812 1835 943 1911 quia
974 1835 1032 1890 in
1057 1835 1231 1891 ‘veteri
1264 1835 1404 1910 lapi-

53 1913 124 1970 de
153 1911 357 1989 legitur
383 1910 547 1969 Sexto
577 1912 865 1970 Glabrione
889 1911 948 1972 ἃς
978 1912 1046 1985 C„
1068 1912 1271 1969 Omollo
1295 1911 1400 1970 Ve-

51 1992 204 2048 riano
230 1987 326 2066 cos}
405 1990 620 2050 Verum
654 1991 763 2068 hoc
793 2010 902 2046 non
931 1987 1226 2047 sufficitut
1243 2008 1399 2064 prae-

51 2085 256 2127 nomen
295 2066 456 2124 Sexti
494 2067 614 2125 dari
658 2084 915 2144 oportere
943 2066 1238 2124 Glabrioni
1264 2087 1397 2126 con-

12 2167 15 2171 ·
50 2145 158 2218 suli
195 2142 323 2202 anni
358 2163 419 2217 15
436 2167 482 2201 ι.
515 2143 829 2203 statuamus.
911 2144 1066 2215 Nam
1100 2144 1230 2203 licet
1261 2143 1396 2203 Gla-

51 2223 175 2280 brio
200 2223 539 2281 Homullum
571 2223 840 2299 collegam
871 2222 1140 2291 habuerit,
1171 2243 1279 2279 non
1309 2225 1392 2280 in-

50 2299 124 2358 de
152 2299 505 2375 consequitur
521 2300 672 2358 hunc
692 2300 1024 2358 Homullum
1049 2302 1153 2358 effe
1170 2301 1243 2358 C.
1263 2301 1390 2358 Ho-

50 2378 283 2435 mullum
326 2378 656 2438 Verianum.
736 2379 1028 2436 Probabile
1073 2375 1151 2435 est
1179 2418 1196 2446 ‚
1261 2375 1300 2434 si
1342 2380 1388 2436 is

50 2454 212 2531 hujus
240 2453 478 2514 consulis
508 2456 720 2533 collega
750 2455 965 2530 fuisset,
1008 2456 1262 2514 fore’uta
1289 2458 1390 2532 qui

50 2531 277 2590 busdam
296 2549 443 2590 certe
471 2535 745 2594 verianus
763 2579 784 2602 ,
822 2534 1023 2591 ultimo
1049 2535 1307 2601 nomine,
1324 2550 1389 2590 ut
1440 2590 1450 2597 ,

50 2607 223 2682 solent
238 2643 256 2681 5
273 2604 562 2670 diceretur.
607 2613 716 2689 Sed
742 2612 858 2668 alia·
883 2611 1005 2670 sunt
1030 2611 1246 2689 majoris
1267 2630 1383 2666 mo·

734 2688 879 2728 *³1⁵*
926 2709 955 2747 2
1077 2763 1085 2769 Ι
1194 2689 1382 2746 menti,-
