1578 2918
151 145 255 214 854
534 133 1181 193 'APP'ENDIXs

151 235 208 281 tio
232 225 514 286 dedulstum,
551 239 605 276 ut
644 224 838 273 Tertulla
871 241 897 272 a
929 228 1088 285 tertia,
1116 223 1342 296 &pullus
1361 247 1389 281 a
1400 231 1506 300 puei

152 319 201 348 ro
219 338 233 358 ‚
269 297 318 346 &²
352 313 375 346 a
403 295 938 344 firmitus-Tertullianus
970 294 1136 342 dicitur
1166 294 1365 348 &1862
1393 303 1505 349 Ter..

149 371 399 417 tullianum.
437 365 502 414 ita
535 365 608 414 vir
641 360 940 412 doffiffimus.
1015 363 1108 415 Sed
1130 361 1506 436 re&esc1·iptum

150 437 219 485 est
244 437 291 485 in
315 433 501 484 constit.
537 434 726 495 Tanta,
759 449 877 501 quae
897 445 1006 482 ante
1038 430 1186 482 Pand.
1214 431 1342 493 est's.
1368 453 1417 505 4.
1454 438 1506 487 ὃς

149 504 249 554 inl.
276 502 354 553 28.
391 504 471 554 De
504 503 644 572 legat.
680 519 697 552 1
718 520 730 551 ι
750 519 788 552 1.
864 502 1110 552 Praeterea
1149 503 1293 553 etiam
1327 509 1506 562 Flaviae

149 575 362 632 Ybrtullae
396 573 552 623 Divus
574 573 767 622 Marcus
793 570 842 620 &
865 571 1046 636 Lucius
1070 566 1230 640 Impp.
1255 589 1341 641 per
1359 574 1505 626 Men-

148 642 300 693 sorem
331 642 553 692 libertum
591 639 862 709 rescripfiffe
897 640 1116 691 feruntur
1135 641 1167 691 l.
1198 656 1276 706 57.
1313 643 1505 695 Deritu

149 713 350 778 nuptiar.
420 712 716 779 Deniquein
738 709 934 760 nomine
959 708 1349 774 Jurisconsulti-v.
1375 729 1507 781 prae-

148 781 316 831 valuit:
356 798 466 843 nam
491 780 754 830 constanter
774 779 873 829 fere
896 780 1187 831 Tertullianus
1207 779 1352 832 audit.

213 850 310 900 Pro
322 854 562 899 Nummius
575 849 770 899 Albinus
790 847 980 916 quidam
996 847 1172 900 habent
1184 852 1380 899 Numius
1394 867 1504 902 cum

149 937 241 969 una
263 918 549 970 consonante
568 919 620 969 in
635 919 820 969 medio:
848 917 1010 967 eadem
1024 955 1039 977 ‚
1072 918 1276 986 opinor,
1296 919 1506 982 ratione,

150 1006 241 1056 qua
271 1007 424 1038 numus
445 989 587 1054 aliqui
617 986 825 1037 scribunt
855 1004 943 1052 pro
978 1006 1190 1037 nummus.
1244 988 1356 1038 *Alii
1393 1006 1506 1039 vero

149 1062 405 1108 Mummius
425 1071 660 1123 reponunt
696 1074 786 1123 pro
817 1059 1086 1118 Nummius,
1121 1055 1174 1106 &
1191 1056 1324 1106 -hunc
1356 1055 1506 1123 ipsum

150 1143 259 1176 eum
273 1126 364 1175 effe
383 1126 668 1175 arbitrantur
681 1162 695 1184 ,
719 1125 798 1192 qui
821 1123 999 1190 plenius
1018 1137 1216 1175 vocatur
1237 1127 1321 1174 M.
1339 1130 1507 1174 Mum-

150 1200 261 1244 mius
301 1197 485 1244 Annius
520 1192 725 1241 Albinus.
797 1192 930 1241 Mire
963 1193 1080 1242 haec
1110 1192 1269 1244 turbat
1299 1192 1506 1245 Contius

149 1280 261 1312 cum
286 1262 343 1311 ad
366 1261 508 1311 verba
529 1261 722 1328 Ulpiani
747 1263 905 1308 Fulvio
931 1262 1186 1311 Aemiliano
1214 1260 1265 1311 &
1289 1264 1504 1313 Nummio

147 1331 322 1381 Albino
347 1329 589 1394 consulibus
602 1325 820 1385 annotat,
847 1329 939 1376 An.
958 1328 1060 1378 urb.
1074 1327 1504 1389 conclnccccnv.

91 1415 101 1464 ἰ
145 1405 234 1450 Ad.
258 1403 474 1447 Nummio
499 1398 699 1462 Caesonio
714 1436 731 1459 ,
767 1399 923 1446 Annio
938 1397 1108 1446 Albino
1125 1397 1177 1448 &
1199 1401 1504 1449 fulv-Aemi·

147 1471 263 1517 liano
290 1466 466 1518 consul.
487 1480 543 1517 ut
565 1468 728 1516 notavi
748 1466 797 1515 in
818 1464 976 1516 Fastis.
1002 1467 1075 1518 Ita
1087 1465 1314 1523 Gentium
1342 1468 1435 1520 Sed
1451 1469 1504 1522 &

53 1574 65 1586 .
147 1538 197 1587 in
220 1535 552 1604 Chronologia
588 1535 783 1593 labitur,
820 1552 932 1585 cum
964 1552 1051 1602 pro
1082 1532 1214 1587 certo
1249 1535 1525 1603 habeatur‚‘

146 1605 380 1656 Albinum
414 1620 527 1654 cum
560 1605 830 1656 Aemiliano
869 1603 1108 1657 consulem
1137 1604 1271 1657 fuiffe
1305 1621 1431 1657 anno
1453 1626 1504 1660 v.

149 1692 193 1726 c.
221 1690 560 1726 Decccnvm.
1114 1724 1117 1725 γ
1203 1707 1206 1711 -
1258 1702 1281 1727 η

212 1743 481 1795 Occasione
503 1743 684 1813 Orphiti
706 1742 758 1794 &
780 1745 907 1810 Rufi,
944 1759 1064 1812 quos
1099 1759 1162 1796 ω(-
1180 1742 1503 1796 Institutioni-

144 1812 231 1863 bus
265 1812 464 1872 adduxi,
501 1811 615 1861 illud
646 1811 931 1880 adjungam,
968 1828 1058 1879 pro
1091 1810 1502 1876 alterornominffi

143 1882 263 1932 salva
297 1883 477 1932 ratione
513 1879 666 1931 rectae
701 1879 956 1948 scripturae
997 1877 1368 1932 substituendum
1412 1883 1510 1933 esse·

144 1951 310 2018 Orfitus
333 1968 443 2001 cum
466 1949 521 2001 F.
561 1950 634 1999 Ita
654 1963 786 2011 certe
808 1948 953 2015 praeit
979 1946 1294 2001 Relandusrin
1317 1949 1389 2001 his
1411 1950 1503 2001 Fa-

144 2018 223 2069 stis
244 2019 301 2069 ad
335 2032 510 2068 annum
537 2017 684 2068 Urbis
721 2033 939 2067 Dcccci.
976 2031 1088 2085 pag.
1121 2018 1341 2069 sosinfi.
1378 2020 1503 2085 Orfi-

141 2102 237 2151 tus,
273 2087 428 2154 inquit
448 2123 463 2146 ‚
500 2083 718 2135 scribitur
753 2103 843 2153 pro
875 2085 1089 2156 Orpbi'tus
1107 2085 1246 2154 'apud
1290 2101 1498 2150 veteres:

141 2173 249 2207 nam
274 2155 410 2223 prisci
434 2155 646 2206 Romani
659 2153 940 2222 ignorabant
963 2154 1075 2205 PH.
1106 2154 1185 2206 Sic
1207 2154 1308 2205 ibi.⁸
1325 2154 1499 2219 Qum

140 2240 300 2276 autem
321 2223 535 2276 Romani
559 2224 610 2273 in
634 2222 836 2275 historiis
857 2221 944 2273 suis
960 2222 1187 2292 quaedam
1199 2224 1392 2275 nomina
1411 2225 1500 2277 ha·-

140 2294 284 2345 beant
305 2307 388 2344 aut
409 2291 594 2347 Graeca
613 2305 694 2342 aut
715 2310 742 2342 a
768 2291 963 2344 Graecis
992 2291 1275 2362 deprompta
1296 2291 1410 2344 iisve
1426 2294 1499 2345 af-

140 2361 281 2422 finia,
319 2379 460 2432 quam
485 2362 692 2412 maxime
713 2361 764 2412 in
787 2361 874 2411 illis
900 2360 1154 2414 scribendis
1190 2361 1403 2413 titubaffe
1427 2366 1499 2415 vi·

141 2431 339 2491 dentur,
375 2445 430 2482 ut
453 2430 607 2482 velex
628 2433 945 2482 monumentis
979 2448 1143 2482 eorum
1171 2444 1276 2486 tum
1297 2430 1500 2500 publicis

140 2512 248 2551 tum
291 2500 486 2570 privatis
531 2501 781 2570 cognitum
835 2498 1222 2570 perspefiiumque
1275 2500 1499 2552 omnibus

138 2584 262 2638 reon
328 2568 473 2622 Forte
505 2585 624 2640 ergo
644 2568 846 2651 ‘quidam
878 2570 974 2624 hoc
1009 2586 1193 2623 nomeu
1217 2568 1277 2623 ab
1300 2570 1497 2687 Orfiheus

1404 2654 1492 2688 eri·
