1612 2970
315 124 1150 207 ιΡΒΑΕῈΑΤΙΦ,

51 266 397 343 tamensunt
436 264 644 323 Graece
683 265 897 322 βασιλεῖς-
953 262 1149 322 Postea
1174 281 1277 323 nec
1301 265 1408 340 ipsi

64 363 268 421 nomen
302 344 564 419 Latinum
594 340 735 419 regis
765 338 1080 418 refugerunt
1105 382 1124 409 ,
1178 346 1404 419 quando

60 420 270 495 Statius
299 461 319 490 ,
373 421 610 480 Tacitus
640 460 658 487 ‚
713 419 1032 495 Spartianus
1078 425 1133 476 &
1176 421 1405 497 inscrip-

60 500 241 559 tiones
282 501 533 559 saxorum
590 514 835 555 veterum
866 499 1230 556 meminerunt
1259 501 1404 576 regis

58 580 278 654 magni„
293 579 491 637 domus
507 577 688 652 regiae
708 621 720 640 ,
738 575 1010 632 servorum
1029 580 1170 652 regis
1187 622 1210 644 ,
1227 581 1406 653 regiae

58 655 365 715 adfinitatis
391 659 501 711 ὅτε.
582 653 836 710 Zofimus
867 691 884 717 ‚
929 673 1105 729 quum
1145 674 1347 712 annum
1371 677 1406 712 a

52 730 240 805 >Potiti
264 734 546 792 tribunatu
566 750 763 788 nomen
796 730 991 787 habere
1007 731 1221 799 voluit,
1246 733 1405 809 quod

44 809 105 868 is
135 812 348 888 primus
375 809 507 868 effet
531 848 549 877 ,
601 807 1019 867 Athenienfium
1049 827 1255 866 morem
1281 811 1403 867 imi-

56 902 204 947 tatus
234 889 312 946 est
329 888 500 966 ‚qui‚
529 906 704 964 quum
741 904 941 942 novem
969 884 1142 943 effent
1168 887 1403 953 ἄρχοντες,

50 983 168 1025 ‚non
195 964 413 1026 βοιὶηλὲως
440 966 677 1031 nomine,
706 981 817 1022 non
846 964 1110 1029 πολεμάςχε
1127 1006 1151 1030 ,
1168 981 1278 1018 non
1309 960 1403 1018 sex

46 1042 349 1112 θεσμοθέτην,
388 1042 497 1110 sed¹
516 1044 686 1120 primi
704 1039 1004 1099 Archontis
1019 1077 1039 1106 ,
1058 1041 1160 1114 qui
1191 1038 1219 1092 Ξ
1235 1044 1404 1087 {venuti

45 1116 169 1184 fetat
211 1121 448 1188 ὶτῶννμθ
468 1158 488 1188 ,
520 1122 606 1179 uti
639 1118 846 1177 Pollux
874 1114 1063 1175 scribit
1092 1118 1189 1174 lib.
1223 1132 1334 1174 vn
1354 1134 1400 1173 1.

57 1213 181 1271 cap.
205 1202 263 1272 9.
286 1216 496 1267 annum
526 1196 822 1275 signarunt.
1222 1235 1225 1238 Δ

44 1333 49 1336 ,
136 1273 463 1333 Videndum
491 1290 898 1351 tamen‚quum
931 1291 1068 1329 unus
1084 1269 1253 1328 modo
1268 1290 1400 1327 con-

55 1349 140 1408 sul
167 1367 626 1408 commemoratur
643 1395 666 1416 ,
694 1373 726 1407 a
757 1369 875 1424 quo
889 1367 1061 1406 annus
1090 1367 1291 1405 nomen
1306 1348 1401 1404 ha-

57 1429 152 1484 bet
173 1465 193 1495 ,
245 1446 313 1483 an
357 1445 468 1483 non
507 1425 752 1501 collegae
781 1428 895 1498 ejus
923 1424 1233 1481 consulatus
1262 1468 1286 1491 ‚
1338 1441 1402 1480 ut

57 1503 268 1561 Cicero
290 1504 540 1579 loquitur
567 1541 584 1569 ‚
638 1520 709 1558 ex
738 1500 892 1557 omni
919 1516 1402 1556 monumentorum

52 1581 322 1641 memoria
346 1579 584 1638 revulsus
616 1578 681 1634 sit
697 1617 717 1644 ‚
760 1582 813 1634 ὃ(
835 1595 1033 1632 nomen
1058 1579 1171 1652 ejus
1190 1597 1218 1632 e
1251 1575 1401 1634 fastis

55 1658 281 1722 erasum.
362 1657 450 1714 De
468 1729 474 1733 ἱ
492 1656 771 1731 Eutropio
814 1652 1035 1711 consule
1080 1673 1223 1710 anno
1273 1672 1401 1730 399.

55 1750 211 1794 extat
236 1733 560 1792 constitutio
589 1732 848 1790 notabilis
876 1730 1103 1788 Arcadii
1133 1731 1168 1786 1.
1195 1747 1285 1806 172
1325 1732 1400 1789 C.

56 1813 285 1871 Theod.
315 1813 388 1870 de
418 1812 649 1888 poeniS,
688 1828 798 1885 qua
826 1827 1024 1865 nomen
1049 1809 1164 1881 ejus
1190 1828 1221 1865 e
1251 1806 1401 1866 fastis

56 1890 183 1948 tolli
218 1891 440 1966 jubetur
467 1912 481 1947 z
524 1908 691 1965 quare
718 1893 773 1943 &
803 1887 859 1943 in
889 1885 1011 1962 ipso
1046 1886 1147 1942 illo
1178 1886 1401 1944 Codice

54 1968 205 2044 leges
235 1988 303 2025 eo
328 1987 472 2024 anno
491 1968 630 2023 latae
656 1964 827 2021 solum
861 1963 1226 2020 Theodorum
1259 1984 1320 2021 v.
1340 1982 1399 2019 e.

55 2045 422 2121 subscriptum
440 2045 656 2106 habent.
702 2043 1009 2118 Imperante
1043 2039 1368 2099 Commodo
1380 2080 1400 2108 ,

54 2141 201 2181 anno
242 2142 394 2180 aerae
424 2121 766 2179 Christianae
814 2121 961 2185 180,
991 2118 1239 2176 consules
1279 2116 1399 2184 fue-

48 2217 183 2273 -runt
240 2200 491 2258 Praesens
534 2199 611 2256 ΙΙ.
660 2202 715 2254 &
761 2196 1086 2254 Condianus
1115 2220 1128 2252 :
1208 2214 1399 2253 verum

57 2276 342 2336 Condiani
372 2296 571 2335 nomen
599 2296 669 2334 ex
699 2274 851 2343 fastis
866 2273 1078 2332 erasum
1106 2273 1184 2330 est
1215 2272 1399 2349 &ipse

57 2354 228 2426 hostis
256 2356 595 2431 appellatus:
634 2355 875 2429 ideoque
896 2351 1250 2427 Lampridius
1264 2370 1398 2408 con-

48 2431 196 2495 sules
225 2434 385 2509 hujus
415 2434 542 2491 anni
575 2433 948 2488 nominaturus
981 2431 1036 2487 in
1067 2430 1186 2487 vita
1223 2429 1399 2487 Com-

58 2511 214 2572 modi
239 2511 457 2594 scribit,
497 2509 656 2568 datus
678 2513 1070 2625 ssnffssfftuum
1097 2505 1164 2567 ab
1193 2507 1399 2640 exercg'-

918 2609 957 2661 4
1365 2601 1400 2641 u
