1546 2912
306 112 1127 194 PRAEFATIO
1311 137 1428 217 '755

61 264 594 335 'aeraeChtistianae
614 272 750 347 189,
773 288 911 347 213,
927 287 1063 348 274,
1084 291 1212 350 293,
1237 290 1307 345 32
1323 293 1347 331 1
1369 280 1429 335 δε

73 364 246 434 alios,
285 384 354 423 ne
395 362 493 427 fim
531 367 771 447 longior.
854 365 1222 447 Deprehendi
1256 371 1425 434 etiam

71 462 231 523 alita
249 459 455 540 *scripta
470 463 756 523 consulum
787 463 1048 533 nomina;
1093 463 1166 522 fic
1195 479 1258 523 ut
1276 462 1425 528 baud

63 555 328 636 ,inutilem
369 576 593 634 operam
632 578 720 618 me
748 555 1135 634 praestiturum
1187 550 1421 635 publico

54 650 306 728 «sperem,
339 652 378 711 fi
395 653 679 731 quicquid
696 654 838 713 illud
854 653 931 712 est
956 654 1138 715 lucem
1162 655 1420 731 adspice·
1455 694 1459 697 -

56 758 177 806 tet..
200 747 398 821 Quum
412 766 547 824 ergo
562 748 620 805 in
639 748 984 807 Britanniam
1002 747 1107 805 iter
1123 747 1422 824 capesseret

58 838 148 897 vit
157 838 866 916 eruditiffimus,Johannes
888 840 1164 918 Georgius
1191 840 1418 920 Keysse-

57 950 187 999 rus,
222 931 424 991 horum
456 931 719 991 fastorum
754 934 807 990 se
828 954 1014 994 curam
1031 934 1412 1010 suscepturum

51 1012 450 1102 puomifitzsed
461 1045 641 1103 quum
667 1025 866 1083 eodem
883 1025 996 1084 fere
1023 1024 1273 1103 tempore
1292 1026 1410 1086 Da-

50 1118 159 1177 uid
179 1117 512 1181 Wilkinfius
528 1161 547 1192 ‚
564 1120 666 1200 qui
695 1117 940 1177 studium
969 1119 1127 1176 suum
1143 1119 1218 1176 de
1243 1120 1415 1178 literis

48 1211 414 1274 orientalibus
427 1214 566 1272 bene
582 1212 851 1280 merendi,
866 1210 1024 1288 quod
1041 1211 1247 1287 potest,
1269 1219 1324 1272 ὅτ
1342 1215 1414 1272 de

54 1325 145 1364 me
157 1323 393 1384 quoque
406 1345 425 1374 ‚
437 1310 698 1382 probavit
713 1306 838 1383 plus
853 1323 968 1363 uno
984 1303 1218 1371 indicio,
1236 1306 1405 1363 Oxo-

50 1401 209 1460 nium
226 1401 664 1479 proficisceretur
680 1441 698 1469 ,
718 1402 869 1459 idem
885 1398 953 1455 ab
968 1417 1038 1454 eo
1054 1397 1212 1473 petii.
1236 1397 1408 1459 Uter-

48 1511 169 1570 que
181 1491 462 1559 faventem
479 1494 695 1552 invenit
720 1493 997 1552 voluntati
1022 1507 1172 1547 meae
1201 1489 1408 1564 Johan-

53 1605 179 1644 nem
220 1587 596 1655 Hudsonum3
647 1587 1023 1645 bibliothecae
1072 1583 1408 1658 Bodlejanae

50 1677 390 1756 praefe&um
408 1727 423 1747 ‚
457 1680 695 1738 nominis
724 1679 869 1739 fama
897 1698 1065 1757 quam
1083 1678 1180 1736 fibi
1203 1684 1406 1742 merito

48 1769 343 1849 acquifivit
377 1772 730 1831 clariffimum
761 1804 780 1841 3
823 1774 925 1851 qui
954 1811 974 1839 ‚
1027 1792 1145 1848 qua.
1186 1774 1266 1832 est
1303 1776 1404 1835 hu-

53 1862 351 1931 manitate,
391 1863 603 1921 calamo
630 1862 729 1920 suo
757 1863 923 1921 fastos
963 1862 1102 1920 mihi
1134 1863 1405 1925 describe-

52 1976 113 2016 re
147 1971 262 2014 erat
301 1972 538 2032 paratus.
620 1959 834 2019 Verum
880 1956 1108 2037 dignio'r
1148 1961 1226 2018 est
1249 1963 1405 2040 Jose-

51 2048 200 2124 phus
240 2048 332 2104 cui
372 2049 425 2106 se
471 2049 564 2106 ille
604 2050 852 2126 applicet
877 2059 908 2120 ;j
951 2072 1050 2110 nec
1085 2054 1173 2111 vel
1212 2055 1400 2111 tantil-

49 2140 163 2199 lum
194 2163 225 2200 a
252 2156 364 2199 tam
393 2143 523 2200 utili
549 2142 805 2200 instituto
833 2160 1074 2202 mentem
1105 2145 1212 2202 viri
1246 2164 1400 2222 egre-

49 2235 131 2310 gii
171 2233 411 2293 sevocari
442 2238 641 2311 patior.
732 2237 921 2311 Quare
949 2238 1282 2296 Wilkinfius
1310 2239 1394 2299 fa-

49 2327 159 2387 stos
202 2329 554 2390 Oxonienses
594 2343 842 2388 accurate
885 2328 1190 2408 descriptos
1231 2330 1400 2391 trans-

48 2420 194 2481 mifit
208 2461 229 2492 ,
255 2425 398 2501 quos
427 2424 550 2483 heic
567 2425 645 2484 ita
673 2424 751 2482 do
776 2423 862 2481 uti
891 2424 1099 2484 lacunis
1131 2430 1187 2485 ὃ(
1204 2430 1398 2487 errori-

696 2514 947 2591 Bbb4
1297 2511 1443 2580 hm*
