1586 2944
577 102 1399 193 EAST'12‘*'

520 338 750 390 advocato
770 336 910 401 fisci,
944 337 1005 386 ad
1026 337 1220 399 Rufinum
1250 342 1350 390 PF.
1380 343 1426 390 P.
1441 338 1532 393 dat.

523 425 644 459 xlv.
669 407 754 467 kal.
778 410 894 471 Jun.
931 409 1100 466 Remis,
1135 410 1338 474 Lupicino
1363 411 1534 471 &Jo-

521 481 621 524 vino
648 477 751 540 Coss.
817 474 1047 541 Denique
1081 472 1243 541 legem
1277 475 1400 526 hanc
1437 490 1533 525 ter-

522 542 635 595 tiam
660 542 787 594 Cod.
803 542 998 593 Theod.
1023 541 1084 591 de
1108 540 1420 616 indulgentiis
1441 543 1534 592 cri-

521 611 710 663 minum
732 650 748 673 ‚
783 610 936 661 datam
965 626 1064 660 non
1099 608 1245 659 credo
1267 614 1388 659 tertio
1407 627 1534 658 nonas

525 682 687 742 Maji:
723 695 831 730 nam
858 677 976 744 quid
999 676 1107 727 fieri
1120 674 1266 727 velint
1291 676 1346 728 iis
1363 717 1379 739 ,
1413 695 1534 744 quos

524 747 591 797 ob
613 762 795 799 reatum
831 762 990 798 carcer
1008 743 1294 805 includebat
1315 782 1330 804 ,
1366 758 1535 796 cavent

524 816 844 881 Imperatores
872 813 920 861 ob
944 813 1061 861 diem
1095 810 1280 871 Paschae
1299 846 1316 874 ,
1362 829 1535 878 nempe

491 920 495 926 -
527 883 722 933 claustra
762 882 855 931 illis
887 879 1092 930 diffolvi.
1175 879 1329 945 Atqui
1363 875 1534 929 frustra

516 950 568 1008 ,id
594 962 813 1000 caverent
835 985 850 1006 ,
901 946 1146 998 celebritas
1177 947 1308 996 enim
1334 946 1534 996 Paschae

519 1018 619 1085 jam
640 1030 738 1066 erat
763 1015 977 1080 peracta:
1015 1030 1114 1065 erat
1139 1013 1321 1080 quippe
1347 1013 1426 1063 hic
1449 1031 1535 1063 an·

525 1102 645 1146 nuS,
690 1083 774 1148 qui
795 1082 1012 1133 consules
1034 1081 1210 1134 habuit
1234 1079 1532 1146 Lupicinum

523 1167 668 1218 atque
689 1149 919 1214 jovinum
948 1183 964 1209 ‚
1001 1149 1187 1198 Christi
1213 1147 1535 1213 Dionyfianus

524 1217 885 1267 tercentcfimus
919 1214 1234 1282 sexagefimus
1268 1213 1495 1279 septimus
1517 1249 1535 1276 ,

527 1285 687 1351 Cyclo
725 1282 847 1332 Solis
871 1281 1190 1339 duodecimo,
1238 1279 1408 1335 Lunae
1432 1281 1535 1348 sep-

528 1353 675 1408 time,
692 1350 826 1400 litera
852 1349 1147 1400 Dominicali
1172 1349 1240 1399 G.
1266 1348 1534 1400 Terminus

526 1418 758 1470 Paschalis
779 1417 922 1483 terti-o
948 1416 1167 1467 kalendas
1192 1415 1430 1483 Aprileis,
1466 1414 1536 1466 fe-

528 1487 594 1537 ria
615 1488 744 1539 sexta
777 1502 788 1533 :
838 1484 1013 1535 Pascha
1037 1484 1332 1535 celebratum
1357 1482 1424 1537 est
1452 1483 1536 1537 ka·

526 1554 673 1605 lendis
699 1552 949 1619 Aprilibus
975 1570 988 1603 :
1027 1568 1115 1602 nec
1139 1552 1207 1602 est
1244 1550 1377 1618 quod
1405 1551 1536 1618 quis·-

485 1641 487 1648 ⁴
527 1639 636 1680 nam
670 1621 863 1689 objiciat
891 1659 907 1682 ‚
951 1619 1033 1673 i'sta
1054 1619 1207 1670 caveri
1242 1618 1302 1670 ab
1327 1619 1535 1691 Impera-

527 1704 631 1741 tore
662 1690 712 1739 in
759 1687 1036 1754 sequentem
1073 1699 1295 1743 annum:
1341 1703 1449 1737 nam
1485 1692 1535 1737 δε

446 1796 450 1799 -
529 1756 784 1821 quotannis
821 1757 908 1805 hac
939 1755 997 1804 de
1035 1770 1087 1803 re
1123 1752 1441 1803 rescribebant
1475 1754 1533 1804 ad

476 1866 484 1874 .
527 1823 796 1872 Praefectos
816 1837 962 1887 atque
988 1819 1330 1886 MagistratuS,
1366 1835 1420 1871 ut
1436 1819 1531 1888 jam

524 1903 632 1938 ante
668 1888 882 1938 diximus
906 1926 921 1948 ,
981 1887 1031 1937 Sc
1074 1902 1310 1951 praeterea
1336 1927 1351 1949 ‚
1399 1889 1531 1954 quod

524 1971 667 2021 caput
691 1955 759 2005 est
785 1991 799 2013 ,
849 1954 990 2005 habes
1023 1954 1306 2020 rescriptum
1331 1956 1440 2005 anni
1464 1956 1532 2005 se-

524 2023 712 2087 quentis
749 2023 842 2090 leg.
866 2039 912 2088 4.
936 2022 996 2070 C.
1023 2021 1217 2071 Theod.
1253 2022 1359 2072 eod.
1396 2027 1531 2090 Impp,

521 2092 702 2152 Valens,
741 2098 790 2147 ῤ’
815 2094 1050 2137 Gratianus
1075 2090 1359 2138 AAA.&c.
1429 2091 1531 2140 Re-

522 2157 826 2209 scribendum
862 2158 1019 2223 itaque
1059 2156 1222 2207 nullus
1258 2156 1430 2209 dubito
1473 2160 1542 2211 ad>

520 2226 677 2294 legem
721 2225 908 2277 tertiam
953 2226 1045 2273 dat.
1093 2242 1202 2274 111.
1246 2242 1339 2274 non.
1376 2228 1529 2283 Marti

524 2298 687 2356 Remis,
729 2298 937 2359 Lupicino»
958 2297 1009 2341 Θ*
1031 2291 1193 2358 Jovino
1220 2293 1315 2354 Coffi
1375 2293 1530 2344 Mira-

483 2378 488 2383 ·
522 2362 559 2411 ri
576 2379 734 2412 autem
756 2361 857 2411 satis
883 2378 979 2410 non
1005 2359 1194 2426 poss'um
1212 2359 1370 2426 legem
1390 2377 1528 2426 quar·

523 2445 615 2480 tarn
645 2429 813 2479 lectam
851 2428 985 2478 fuisse
1010 2443 1195 2478 tanturn
1223 2427 1393 2478 octavo
1419 2428 1529 2479 Idus

519 2498 682 2564 Junias
708 2516 719 2548 :
755 2499 887 2565 atqui
911 2513 1056 2548 annus
1079 2509 1175 2548 erat
1199 2494 1381 2547 Christi
1409 2495 1527 2544 Dio-

1216 2559 1222 2569 “
1311 2561 1530 2629 nysianus
