1586 2944
334 134 1136 207 coNsuLAREs
1330 167 1445 221 η,

33 241 169 278 A.¹U.C·
220 239 300 274 Chr·

41 365 173 431 1036
201 356 309 428 284
600 359 938 480 {erghhggatio
962 374 1083 427 part.
1109 375 1155 410 2.
1173 376 1277 428 cap.
1302 361 1352 416 8.
1389 374 1431 424 ς.

409 525 482 572 19.
494 506 556 575 CA.
567 524 630 560 ex
646 509 780 576 quib.
796 508 917 560 caus.
931 507 1252 581 infamirrog.

399 578 424 627 ἰ
472 575 551 625 .C.
566 575 626 625 de
643 576 893 628 inofficios.
915 578 1094 628 testam.

458 643 521 693 C.
539 644 598 693 de
612 645 856 695 dividend.
873 644 1010 697 tutel.

465 711 526 771 C.
541 711 602 759 de
615 711 909 763 donationib.

461 773 522 828 C.
533 779 593 828 de
607 780 863 831 revocand.
877 780 1171 832 donationib.

459 847 521 897 C.
535 847 592 896 ad
608 847 638 906 l,
654 847 854 897 Cornel.
867 847 927 896 de
939 846 1034 896 fals.

502 914 608 965 Hae
630 914 758 983 leges
778 914 887 966 sunt
906 915 1074 965 Carini
1097 916 1147 966 δί
1169 916 1227 966 N
1231 915 1435 974 umeria-

566 984 646 1058 ni:
685 1000 805 1050 quae
833 999 953 1101 {cero
980 981 1201 1099 sequitu}
1223 983 1434 1059 ‘Diocle-

571 1064 751 1102 tianum
772 1069 831 1102 au
884 1068 1018 1102 orem
1041 1069 1065 1100 a
1104 1067 1168 1102 no
1191 1066 1270 1102 cut.

353 1118 386 1170 l.
401 1137 485 1170 un.
496 1118 555 1169 C.
573 1134 627 1170 ut
642 1136 766 1169 nem.
784 1118 917 1171 invit.
931 1068 1227 1188 agerffwacc.
1243 1135 1351 1188 cog.

353 1227 546 1287 Carino
567 1228 652 1287 ΙΙ.
681 1227 739 1288 Εό
761 1226 1086 1285 Numeriano
1111 1227 1242 1288 AA.
1272 1229 1433 1299 Conffi

356 1336 413 1386 In
437 1336 579 1397 titulo
601 1336 745 1402 hujus
771 1336 887 1402 legis
913 1335 977 1384 est
1003 1339 1113 1398 Imp.
1135 1339 1433 1386 Diocletianus
1454 1382 1457 1384 ,

427 1402 644 1471 Augustus
664 1439 677 1461 ,
725 1402 774 1451 &
813 1404 862 1450 in
897 1401 995 1450 fine
1028 1404 1132 1450 dat.
1164 1406 1241 1453 Id.
1265 1407 1431 1455 Offobr.

427 1468 675 1521 Curino'II.
700 1468 751 1517 &⁶
775 1473 1040 1516 Numeriano
1061 1474 1146 1532 coffi
1199 1473 1342 1521 Unde
1362 1471 1435 1520 di-

426 1539 600 1588 icimus
620 1537 696 1587 die
718 1553 780 1586 xv
812 1535 1043 1588 ORobris
1073 1538 1168 1603 jam
1191 1538 1435 1606 imperasti:

427 1605 821 1669 Diocletianum,
856 1605 908 1655 &
945 1619 1048 1655 toto
1093 1606 1229 1658 coelo
1266 1606 1434 1656 errasse

428 1674 724 1742 Scaligerum
753 1672 802 1722 &
830 1672 1084 1722 Cointium
1111 1673 1195 1737 qui
1219 1675 1321 1741 ejus
1341 1675 1431 1724 ini-

429 1741 554 1793 tium
588 1741 638 1790 in
668 1756 847 1790 annum
883 1741 1159 1806 sequentem
1194 1741 1433 1795 distulere.

425 1813 583 1878 Pagius
603 1813 650 1856 in
669 1812 834 1857 Critica
854 1807 915 1856 ad
935 1810 975 1855 h.
993 1826 1034 1855 a.
1071 1807 1155 1873 qui
1182 1808 1276 1860 hoc
1301 1824 1433 1861 vocat

428 1877 569 1945 plane
593 1893 789 1927 aureum
805 1875 1160 1932 testimonium,
1180 1892 1279 1942 quo
1292 1877 1435 1930 chro-

423 1949 567 1997 nicon
605 1942 980 1994 Axexandrinum
1016 1941 1360 2008 confirmatur,
1384 1948 1433 1997 in

426 2029 527 2078 quo
561 2013 638 2062 die
671 2028 823 2062 xvn.
850 2009 1143 2077 Septembris
1177 2010 1436 2075 Diocletia-

426 2096 515 2128 nus
540 2079 721 2147 legitur
746 2078 1002 2145 imperium
1024 2077 1282 2150 suscepili'e.

359 2146 388 2195 Ι.
400 2164 448 2210 4.
460 2146 521 2194 C.
535 2146 595 2195 dc
607 2146 852 2196 delatorib.
1159 2151 1165 2154 ’

398 2226 591 2299 Carino
616 2238 673 2298 {5
703 2240 1035 2299 Numeriano
1063 2239 1196 2302 AA.
1225 2241 1277 2299 C
1269 2245 1382 2312 onff.
1446 2249 1451 2253 “

491 2342 687 2394 Inscriptio
712 2343 823 2395 hujus
853 2344 944 2397 legis
966 2342 1149 2384 mendosa
1169 2345 1320 2388 videtur
1335 2357 1435 2397 quae

542 2396 642 2447 Imp.
673 2397 818 2436 Carum
839 2405 1044 2438 memorat.
1097 2397 1176 2435 Hic
1202 2399 1307 2441 enim
1328 2410 1433 2438 anno

494 2494 497 2495 ⁷
541 2449 746 2502 praeterito
769 2450 868 2497 circa
881 2449 1002 2492 finem
1018 2479 1030 2497 ,
1067 2449 1128 2488 vel
1145 2449 1276 2492 saltem
1303 2451 1344 2490 in
1364 2451 1438 2490 ini-

539 2501 598 2542 tio
615 2501 813 2553 praesentis
833 2501 1101 2549 anni‚deceff1t.
1114 2501 1234 2546 Certe'
1245 2503 1348 2544 diem
1364 2515 1377 2542 ι
1389 2516 1403 2541 1
1414 2514 1431 2542 1

541 2552 616 2604 kal,
644 2554 748 2609 Sept.
772 2567 854 2609 quo
878 2555 974 2607 haec
996 2554 1060 2603 lex
1087 2554 1173 2604 dam
1199 2555 1251 2600 est
1278 2568 1361 2599 non
1375 2562 1437 2613 ρξ-

700 2614 701 2617 ’
1354 2616 1439 2660 ugit

353 509 387 561 l.

354 579 386 628 1.

353 647 385 699 l.
404 661 447 696 2.

354 714 389 764 1.
404 728 450 780 5.

356 781 388 831 1.
406 794 447 845 3.

355 848 388 903 1.
399 865 448 913 9.
