1676 3034
238 181 551 266 pidkflimis
576 180 762 256 solum
798 176 1140 253 humeRans
1164 168 1578 257 -aestuumska'a
1618 252 1620 254 v

183 298 188 304 ’
236 280 424 339 lorem
484 274 839 352 temperabat
869 309 886 343 ,»
918 276 1069 334 -cui'
1100 291 1207 333 nec
1263 291 1349 332 ars
1411 268 1579 348 quic-

243 390 420 448 quam
459 385 556 430 aut
586 383 787 428 natura
814 367 1034 443 negass'e
1076 365 1418 427 videbantur
1456 379 1579 440 quo.
1656 423 1660 428 ,

242 464 314 522 ab
333 481 482 525 noxa
499 460 910 538 defenderetur
923 499 939 528 ‚
956 477 1226 538 quaeque
1242 458 1434 536 paucis
1447 468 1579 519 ante

243 561 446 620 diebus
501 557 756 635 gemmas
812 575 983 634 agere
1039 571 1312 632 coeperat
1361 566 1579 629 certam

240 653 394 728 spem
429 650 699 727 germinis
728 648 1035 719 habentes,
1064 663 1206 708 tunc
1223 645 1334 706 visa
1348 647 1584 722 langue-.-

242 742 307 801 r'e
329 740 426 810 5⁴&
456 740 825 817 tempestate,
856 756 923 800 ut
938 759 1104 816 reor,
1132 738 1490 808 afflistam'on
1505 739 1584 797 ita

241 834 434 895 multo
478 832 604 909 post
657 835 956 907 emarcuit.
1051 832 1224 895 Nosti
1261 833 1536 910 equidem
1566 869 1583 899 ,

236 926 454 1002 Jacobe
489 923 782 985 Akerssoti
813 965 830 993 ‚
867 924 980 985 Vir
1017 924 1380 1003 Ampliffime
1408 967 1425 992 ,
1465 944 1586 985 non

243 1037 342 1077 me
371 1019 529 1076 illum
561 1015 671 1075 effe
701 1018 804 1094 qui
832 1036 893 1077 re
915 1021 1060 1077 adeo
1095 1018 1334 1077 levicula
1359 1031 1588 1094 pertur-

243 1110 362 1182 bari
378 1111 775 1170 consueverim
797 1136 812 1178 ;
833 1111 928 1171 sed
945 1151 960 1179 ‚
979 1128 1042 1171 ut
1070 1129 1268 1170 recens
1282 1123 1401 1170 erat
1423 1113 1590 1187 quod.

243 1222 578 1281 acceperam
610 1202 1002 1281 graviffimum
1033 1204 1241 1266 vulnus
1276 1218 1468 1262 morte
1495 1222 1589 1260 ca-.

241 1297 443 1357 riffimi
482 1298 670 1357 fratris
718 1298 833 1355 mei
865 1338 882 1365 ‚
939 1297 1000 1354 &
1043 1299 1236 1356 animo
1270 1341 1287 1367 ,
1329 1296 1588 1374 inprimis

242 1393 385 1454 dum
432 1389 500 1447 ab
543 1387 1188 1446 hominumconsortio
1230 1388 1485 1448 secretus
1529 1389 1587 1449 se

239 1483 356 1559 ipse
385 1482 603 1557 colligit
622 1521 639 1547 ‚
670 1479 915 1539 absentis
943 1483 1227 1540 memoria
1253 1481 1590 1542 obversaba-

242 1587 376 1640 tur,
399 1567 655 1630 nvidebar
684 1571 829 1629 mihi
865 1587 1000 1630 ante
1029 1574 1231 1631 oculos
1272 1574 1589 1651 imaginem

243 1664 393 1722 illius
440 1681 674 1721 cernere
715 1681 894 1739 quem
941 1664 1001 1722 in
1041 1663 1179 1740 ipso·
1203 1667 1402 1726 aetatis
1442 1665 1593 1748 flore

245 1752 584 1821 exstinctum
618 1754 904 1815 dolebam.
984 1754 1229 1818 Fruffius
1286 1757 1387 1818 fibi
1415 1757 1486 1817 ab
1525 1763 1593 1820 il-

245 1850 305 1907 lo
335 1849 405 1920 ad
434 1866 640 1924 magna
678 1847 738 1904 &
764 1851 1048 1925 praeclara
1077 1849 1348 1927 surgente
1379 1853 1593 1914 uberri-

244 1958 372 1998 mos
403 1953 652 2014 uterque
679 1939 937 2000 nostrum
979 1943 1343 2017 promiserat:
1389 1946 1594 2025 &ipsa

245 2032 426 2090 vestra
457 2033 655 2091 civitas
685 2054 858 2110 quam
895 2038 970 2094 de
1002 2054 1075 2094 eo
1121 2035 1273 2111 spem
1315 2058 1594 2120 concep&

243 2125 318 2214 rit
336 2124 532 2197 testata
548 2125 627 2183 est
646 2169 662 2196 ‚
683 2127 1126 2205 quum-probata
1148 2130 1268 2205 ejus
1295 2133 1595 2213 integritas

246 2217 306 2274 <Sc
334 2219 639 2292 prudentia
669 2223 862 2295 paucis
889 2236 1020 2280 ante
1044 2222 1270 2283 obitum
1302 2228 1590 2290 mensibus

245 2309 306 2377 id
352 2304 595 2383 praemii
625 2313 922 2379 retulerit,
967 2330 1031 2373 ut
1059 2318 1321 2390 praesidis
1352 2322 1591 2397 persona

248 2406 303 2474 ei
330 2401 649 2464 sustinenda
684 2408 815 2464 data
854 2407 918 2468 fit
949 2410 1011 2467 in
1040 2412 1286 2489 collegio
1317 2415 1594 2490 judicum·

246 2496 304 2573 in
339 2497 500 2591 quod
529 2498 720 2575 paullo
749 2513 880 2561 ante
921 2499 1107 2575 fuerat
1146 2505 1407 2568 adscitus.
1471 2507 1589 2643 RFi

846 2623 850 2627 ,
1549 2606 1592 2650 12
