1612 2970
416 91 1284 169 V'PRAEFA'TIO.

205 239 446 317 aliquem
477 238 740 296 haberent
782 239 967 296 locum
1004 236 1058 294 in
1086 233 1236 294 fastis
1273 234 1463 302 hisce,
1487 238 1554 294 δὲ

205 318 420 376 Occaslo
455 317 594 377 *viris
633 316 812 374 doffis
851 316 1071 372 daretur
1110 314 1432 391 inquirendi
1471 311 1553 370 es-

205 396 392 453 sentne
421 393 503 451 illi
533 409 710 469 patres
745 409 838 450 aut
865 394 954 450 avi
983 393 1236 459 illorum,
1255 411 1397 466 quos
1416 410 1554 448 con-

139 515 142 519 ·
207 473 310 530 stat
341 472 449 529 hoc
481 473 703 527 nomine
733 472 788 527 in
815 468 969 527 fastis
997 469 1122 546 legi.
1196 470 1306 527 Sed
1334 479 1550 529 certum

208 570 320 607 non
351 548 705 625 est,quando
737 549 792 604 in
822 547 1101 624 lapidibus
1119 548 1359 625 antiquis
1375 547 1553 604 nomi-

209 642 276 685 na
304 627 538 684 duorum
559 624 840 683 consulum
860 626 1117 702 leguntur
1140 644 1280 700 quae
1308 625 1549 700 plerum·

210 723 323 781 que
350 723 517 768 unum
558 704 832 760 duntaxat
877 721 1075 759 nomen
1106 719 1199 760 aut
1241 715 1554 780 cognomen

208 783 367 857 hujus
395 781 616 838 &illius
642 781 948 847 exhibent,
989 785 1044 837 ὅτ
1072 781 1125 836 in
1157 779 1302 838 fastis
1331 780 1554 836 nomina

211 859 402 916 eadem'
428 860 814 921 inveniuntur,
856 858 965 914 hos
983 855 1088 914 effe
1118 857 1240 916 illos
1273 857 1552 915 consules:
1606 870 1609 873 “

209 951 509 1012 potuerunt
555 936 700 992 enim
739 933 844 992 esse
880 934 1098 992 fuffe&i
1130 975 1148 1002 ,
1202 935 1332 992 licet
1364 935 1558 991 eadem

211 1014 435 1070 nomina
473 1029 660 1090 gerant
690 1028 856 1088 atque
903 1012 988 1068 illi
1018 1012 1295 1070 ordinarii.
1384 1013 1559 1070 Verbi

147 1121 153 1127 ·
211 1092 385 1167 gratia
409 1128 426 1156 ,
474 1110 648 1165 quum
691 1091 827 1165 lego
864 1088 1059 1162 Rufino
1090 1090 1146 1151 {5
1176 1090 1399 1164 Eust’bio
1445 1087 1558 1167 coffi
1599 1128 1610 1131 ⁷-

164 1170 166 1172 ’
212 1169 322 1224 hoc
355 1166 579 1243 quidem
611 1166 861 1225 consules
897 1169 1025 1223 anni
1047 1186 1156 1242 347
1180 1188 1336 1240 >aerae:
1366 1168 1559 1243 vulga-

213 1247 286 1301 ris
320 1243 573 1300 videntur
612 1245 860 1300 indicari.
941 1245 1117 1317 Quod
1151 1244 1185 1299 fi
1222 1246 1332 1302 illis
1361 1245 1560 1303 addita

178 1335 179 1338 ’
213 1322 319 1378 alia
349 1322 568 1378 nomina
596 1322 808 1379 videam
828 1360 845 1388 ,
864 1320 1124 1376 licebitne
1152 1337 1304 1379 certo
1322 1320 1558 1398 fibiper-

213 1397 434 1455 suadere
473 1397 604 1453 haec
645 1398 792 1454 illius
840 1396 1041 1455 Rufini
1071 1414 1165 1455 aut
1200 1398 1422 1456 Eusebii
1454 1419 1560 1460 'no-

211 1477 364 1532 mina
402 1472 560 1531 fuiffe
588 1484 607 1530 ?
665 1474 802 1530 Non
835 1490 1046 1549 putem.
1131 1475 1288 1552 Lego
1319 1478 1464 1534 enim
1498 1479 1558 1534 in

213 1552 480 1610 laterculo
509 1551 680 1606 veteri
711 1549 1111 1626 praefefflmrum
1153 1551 1324 1610 Urbis
1344 1592 1362 1619 ,
1417 1575 1563 1612 anno

218 1647 320 1703 311
356 1670 377 1693 ,
417 1626 605 1700 Rufino
644 1626 704 1687 f&
750 1625 976 1700 Eust’bio
1029 1631 1141 1699 coffi
1220 1629 1305 1685 Hi
1347 1624 1564 1690 suffesti

219 1703 476 1770 fuerunt,
529 1704 819 1777 creditque
847 1702 1244 1774 *Gothofredus
1285 1722 1420 1764 tom.
1471 1729 1561 1767 iv.

223 1781 460 1837 Codicis
491 1777 868 1835 Theodofiani
902 1797 957 1854 p.
1006 1797 1056 1853 7.
1087 1781 1377 1858 Eusebium
1407 1785 1562 1852 hunc

223 1857 409 1931 (cujus
432 1856 637 1913 nullam
667 1858 1000 1918 mentionem
1031 1856 1149 1915 fieri
1179 1862 1233 1915 in
1264 1861 1383 1919 aliis
1414 1861 1564 1922 fastis

222 1934 521 1992 observat:
575 1942 688 2007 quo
732 1934 904 2009 magis
948 1933 1205 2010 suspicari
1247 1937 1376 1996 licet
1419 1942 1564 1999 inter

226 2012 376 2087 paria
404 2010 690 2086 deperdita
719 2011 1001 2088 consujum
1031 2012 1566 2092 suffefiborumplura

225 2088 493 2164 ejusmodi
522 2087 776 2162 exempla
801 2088 998 2162 latere)
1033 2107 1239 2163 patrem
1273 2091 1429 2152 fuisse
1451 2095 1559 2153 Eu·
1601 2147 1603 2150 .

226 2166 363 2222 sebii
395 2170 448 2221 ὅτ
481 2167 723 2241 Hypatii
755 2165 937 2240 postea
954 2166 1231 2226 consulum
1263 2191 1406 2228 anno
1437 2190 1564 2248 359.

227 2246 283 2298 &
313 2245 422 2317 ejus
440 2241 780 2299 consulatum
812 2247 1095 2300 memorari
1114 2246 1151 2302 l.
1178 2268 1224 2304 1.
1245 2249 1315 2305 C.
1336 2249 1566 2307 Theod.

172 2395 178 2398 -
227 2320 299 2376 de
338 2337 535 2375 annon.
567 2324 623 2374 δε
650 2321 838 2376 tribut.
908 2321 1148 2379 Praeter
1171 2327 1436 2398 privatas
1474 2345 1568 2385 res

167 2466 170 2470 r
228 2395 431 2471 nostras
457 2396 512 2457 ὅ
539 2395 777 2470 ecclesias
806 2396 1114 2455 Catholicas
1144 2401 1199 2462 65
1228 2401 1431 2460 domum
1458 2406 1569 2462 cla-

230 2473 456 2548 rffmae
494 2475 772 2535 memoriae
813 2473 1032 2557 Eustbii
1071 2496 1138 2535 ex
1171 2480 1371 2554 confide
1414 2481 1473 2542 ὃ
1499 2500 1568 2538 ex

1327 2557 1568 2638 magistro
