1586 2944
102 143 149 195 6-
530 129 613 195 'F
677 142 723 195 A
789 141 825 193 s
879 140 956 193 T,
1013 141 1044 191 v1

98 215 253 300 mue..
289 224 364 257 ehr.

249 302 382 325 ‚—

133 340 369 407 899³147
602 366 650 399 c.
690 328 953 400 ΜΑΝιῐνέῥ
986 359 1310 415 Τοιιῳνᾼτνε
1383 416 1385 418 ¹

515 442 602 475 ET.
635 441 803 490 com«.
842 435 1225 474 MESSALLIst.
1263 432 1390 475 coss.

425 558 649 610 Norifius
682 559 731 609 in
764 557 902 624 epist.
939 556 1174 609 consulari
1209 553 1372 607 scribit
1405 553 1496 606 esse

466 626 825 695 'hanc-Ligorii
851 626 1191 690 imposturam,
1219 622 1353 689 quod
1377 639 1404 673 e
1428 621 1498 672 fa·

490 694 569 748 stis
593 697 788 746 nomina
807 693 1062 746 consulum
1089 691 1404 750 exscriberet,
1420 706 1499 740 ea-
1520 721 1524 723 >

491 780 587 830 que
624 760 819 814 vetustis
863 759 1254 830 inscriptionibus
1287 770 1499 826 appone-

490 844 576 882 ret.

98 1069 233 1099 ΑΗΕ.
293 1063 368 1094 Chr.

133 1160 236 1207 900
280 1144 372 1210 148
433 1139 634 1196 Lucius
660 1139 958 1218 Torquatus
983 1140 1099 1200 III.

427 1216 496 1271 C.
524 1214 777 1290 Julianus
804 1218 990 1274 Vetus.

426 1313 473 1364 in
495 1313 526 1377 1.
559 1331 600 1381 ς.
627 1315 674 1366 ff
704 1316 764 1366 de
787 1311 1052 1367 manumiss'.
1076 1311 1255 1363 vindic.
1294 1306 1390 1378 ipse
1410 1313 1503 1379 Ju-

490 1380 641 1432 lianus
666 1383 956 1433 Consulatus
981 1380 1050 1431 sui
1077 1379 1311 1431 meminit.

425 1450 696 1516 Spartianus
721 1450 770 1499 in
787 1449 940 1500 Didio
960 1449 1153 1513 juliano
1172 1461 1270 1515 cap.
1294 1464 1333 1496 1.
1358 1446 1505 1498 hunc

492 1518 705 1567 nostrum
740 1519 979 1584 Julianum
1012 1516 1085 1567 bis
1109 1515 1374 1568 Consulem
1400 1531 1506 1565 me-

427 1627 429 1629 ,
491 1599 657 1633 morat.

430 1650 508 1700 De
536 1652 730 1713 juliano
764 1652 925 1702 nostro
961 1650 1045 1717 qui
1085 1651 1218 1716 plura
1253 1649 1505 1713 desiderat,

496 1718 627 1768 adeat
660 1720 729 1768 G.
769 1719 913 1767 Grot.
954 1720 1012 1767 de
1045 1719 1147 1768 Vit.
1175 1717 1319 1769 Istor.
1348 1717 1429 1766 lib.
1458 1735 1504 1768 7..

494 1802 594 1850 cap.
617 1794 661 1835 6.
702 1782 942 1835 Valentini
971 1786 1185 1837 Forsteri
1204 1785 1384 1835 Histor.
1407 1789 1503 1850 jur.

496 1851 575 1901 lib.
607 1871 650 1903 2.
675 1870 771 1918 cap.
802 1866 879 1921 ’²3-
915 1853 1113 1905 Cottam
1136 1852 1187 1904 in
1218 1852 1505 1904 memorabi·
1570 1851 1573 1856 “

500 1919 583 1968 lib.
611 1939 702 1988 pag
738 1932 846 1986 469,

433 1987 715 2053 Torquatus
738 2005 872 2038 antea
896 1990 1078 2041 Consul
1095 1987 1248 2047 fuerat
1268 1989 1371 2039 a.C.
1391 2006 1452 2056 ¹⁴4
1490 2028 1502 2040 .

496 2055 547 2104 &
585 2074 631 2105 c.
666 2072 947 2107 BELLmlvs
981 2059 1305 2122 ToRQATx'rs
1339 2072 1459 2125 appe
1480 2087 1507 2099 -

502 2123 624 2175 latur
655 2125 700 2173 in
739 2123 944 2190 inscript.
990 2141 1085 2177 vet.
1129 2124 1256 2191 apud
1293 2125 1505 2177 Fabrett.

501 2209 606 2260 pag.
644 2199 749 2257 156.
807 2191 882 2242 sed
927 2192 1070 2260 hujus
1107 2193 1216 2244 anni
1257 2192 1503 2245 consulem

504 2260 744 2311 diversum
765 2279 788 2311 a
811 2261 1071 2326 Torquato
1092 2259 1290 2312 consule
1321 2278 1360 2311 a.
1395 2274 1507 2330 ¹43.

500 2325 613 2397 facit
636 2328 683 2377 &
718 2327 886 2394 probat
914 2345 973 2378 ex
1001 2330 1087 2381 hac
1106 2327 1415 2395 inscriptione
1436 2329 1505 2380 la-

503 2396 642 2455 teris,
679 2396 762 2447 ubi
789 2397 918 2449 nulla
938 2412 1050 2449 nota
1066 2396 1264 2452 secundi
1287 2395 1507 2448 consula·

498 2476 602 2527 ωε,
638 2481 744 2534 pag.
769 2481 879 2533 5¹0·

1354 2586 1504 2671 Ex
