1612 2970
426 127 1234 218 PRAEFATIQ

151 268 307 332 modi
337 271 476 348 gerit
505 267 649 344 (erat
676 282 855 326 autem
888 265 1049 325 Lucii
1079 262 1388 322 Commodi
1419 259 1490 320 fi-

152 351 259 407 lius
284 389 301 416 ,
342 346 474 404 teste
505 347 764 421 Dione),
806 346 962 420 quod
985 345 1095 418 jam
1130 343 1346 400 notavit
1379 342 1486 400 fra-

157 445 238 484 ter
263 444 409 483 meus
436 424 506 481 ad
534 443 590 481 A.
623 445 680 480 v.
713 443 769 479 c.
797 424 925 499 906.
969 421 1222 497 quamvis
1252 420 1489 492 Impera·
1525 463 1534 481 s

155 519 243 560 tor
269 502 615 560 Commodus
641 502 813 576 vulgo
839 499 1020 556 dietus
1047 496 1290 558 diversus
1325 497 1391 556 sit
1421 496 1490 554 ab
1532 555 1540 557 ,

157 580 258 639 illo
285 585 339 636 δε
367 579 488 656 post
511 597 636 636 eum
666 578 1028 653 imperaverit.
1180 604 1187 607 —
1458 606 1483 622 ·.

236 658 311 714 Et
340 656 514 731 ipsum
535 655 680 712 illud
697 655 831 715 Veri
860 673 1058 710 nomen
1093 653 1150 709 in
1179 653 1368 710 Severi
1397 650 1491 708 ab·

161 734 278 809 iisse
311 735 525 791 notavit
544 731 826 789 Salmasius
855 732 924 787 ad
962 731 1344 804 Lampridium
1364 747 1493 805 pag.

166 831 292 884 114.
324 831 439 886 quo
466 809 629 867 refert
660 810 816 884 quod
847 809 902 864 in
924 807 1238 883 Theophili
1266 806 1498 865 institut.

164 889 234 947 de
264 888 498 945 excusat.
529 888 733 964 legitur
759 904 793 943 οἱ
827 893 1044 944 &sadra-coa
1072 897 1263 955 ἀδελφοὶ
1302 894 1500 949 Σεζῆρῶμ

166 974 233 1035 253}
257 978 516 1031 ἈντωνῖνΘ-’.
590 963 735 1021 liiUd
759 965 904 1020 enim
935 971 1150 1022 &ead-saroa
1182 974 1366 1028 ἀδελφοὶ
1398 962 1502 1017 Di-

168 1062 267 1101 vos
295 1041 481 1106 fratres
498 1041 710 1098 indicat
737 1081 753 1105 ,
793 1042 893 1098 hos
921 1060 1150 1116 nempe:
1192 1039 1263 1097 fic
1291 1056 1352 1098 ut
1382 1039 1502 1095 illic

49 1144 61 1159 ’
136 1139 272 1195 .pro
313 1129 511 1204 zessffpos
544 1119 839 1194 legendum
871 1134 1029 1194 putet
1053 1129 1208 1190 ΒῆρΘ.
1289 1120 1420 1193 Qua
1447 1117 1505 1173 in

170 1217 229 1255 re
269 1216 374 1269 ego
415 1195 640 1271 quidem
671 1198 794 1253 viro
827 1198 1072 1258 maximo
1109 1215 1216 1253 non
1246 1194 1506 1259 affentiO,
1551 1198 1553 1201 ’

173 1275 433 1349 quoniam
460 1271 500 1327 fi
526 1284 662 1342 1329&
693 1272 810 1330 illic
849 1274 1117 1350 legeretur
1147 1312 1164 1338 ‚
1207 1272 1509 1348 praepone-

173 1365 321 1407 retur
347 1350 529 1413 Verus
563 1351 844 1407 Antonino
870 1393 885 1414 ‚
930 1367 1103 1424 quum
1135 1349 1342 1407 soleant
1366 1347 1511 1409 Divi

173 1426 363 1484 fratres
392 1426 706 1482 Antoninus
729 1429 780 1483 ἃ
813 1427 987 1482 Verus
1011 1425 1130 1482 dici
1161 1449 1173 1484 2
1234 1447 1265 1484 e
1295 1440 1512 1484 contra-

174 1506 257 1560 rio
283 1505 538 1560 Severum
566 1505 619 1557 &
653 1503 996 1559 Antoninum
1017 1502 1269 1560 videmus
1301 1502 1513 1579 saepius

177 1583 443 1656 conjungi
487 1580 543 1634 in
585 1577 804 1654 scriptis
843 1578 1126 1654 JCtorum
1175 1582 1225 1636 &
1260 1581 1517 1658 catalogo

176 1655 621 1731 Hieronymiano
643 1656 971 1730 scriptorum
1001 1653 1511 1722 ecclesiasticorum.

181 1752 289 1789 non
322 1731 507 1788 fratres
523 1770 540 1797 ‚
556 1731 647 1791 sed
670 1747 880 1806 patrem
899 1732 1229 1808 Septimium
1257 1733 1519 1803 Severum

184 1815 239 1867 ὃ(
283 1808 459 1866 filium
499 1809 843 1875 Antoninum
886 1811 987 1882 qui
1032 1809 1204 1885 vulgo
1237 1811 1521 1872 Caracalla

164 1887 393 1963 'dicitur
408 1923 425 1951 ‚
442 1883 599 1960 quod
629 1886 790 1940 etiam
809 1883 1165 1943 confirmatur
1190 1906 1260 1944 ex
1287 1893 1520 1946 contex-
1599 1938 1603 1942 .

184 1978 247 2020 tu
278 1963 480 2019 Latino
503 1959 908 2018 institutionum
928 2000 944 2027 ‚
986 1962 1058 2019 fic
1088 1980 1148 2020 ut
1165 1964 1310 2022 illud
1338 1974 1525 2028 ἀδελφοὶ

186 2041 331 2096 male
376 2038 440 2095 fit
465 2038 715 2096 additum
744 2083 757 2103 ,
820 2040 976 2114 quod
1004 2041 1054 2098 &
1092 2043 1148 2098 in
1192 2041 1526 2119 quibusdam

188 2115 475 2174 codicibus
504 2114 721 2172 Graecis
749 2136 857 2174 non
887 2118 1106 2194 legitur.
1351 2186 1353 2189 ¹

269 2193 444 2250 Erunt
486 2207 665 2249 tamen
694 2192 913 2251 forsitan
944 2197 1045 2269 qui
1075 2196 1280 2255 Verum
1305 2196 1529 2256 fiatrem

189 2271 280 2329 M.
336 2270 606 2326 Antonini
659 2270 981 2349 philosophi
1049 2273 1305 2339 Severum
1358 2275 1530 2334 etiam

137 2347 151 2355 ⁴
189 2360 568 2422 nuncupatum
596 2345 752 2405 fuisse
792 2348 890 2405 fibi
920 2350 1353 2425 persuadebunt,
1395 2351 1532 2427 quia

189 2424 283 2490 M.
332 2425 639 2481 Antoninus
667 2426 722 2481 in
755 2426 897 2482 libro
933 2446 978 2485 1.
1019 2432 1055 2484 ’τὲ
1092 2436 1146 2487 εἷς
1175 2437 1319 2487 ἑαυτὸν
1354 2430 1405 2499 §.
1441 2441 1531 2500 1'4,

186 2499 375 2588 scribit
393 2539 413 2570 ,
466 2501 646 2561 didici
675 2511 792 2579 παροῖ
820 2509 849 2566 Ξ
880 2514 1060 2578 ἀδελφέ’
1083 2533 1145 2581 με
1176 2514 1330 2582 Σεεήρε
1358 2505 1535 2579 afla-

1441 2592 1533 2639 tre
