1612 2970
165 203 358 268 dum,
398 197 487 257 nti
524 201 852 270 receperat,
896 197 1100 246 natura·
1135 181 1502 255 remitteret}
1535 195 1541 199 ’

168 315 291 372 quo
323 292 679 352 solverentur
712 287 817 345 hae
839 279 1236 342 membrorum
1266 286 1515 355 compa-.

165 404 292 463 ges,
336 383 667 458 periretque
695 378 835 438 illud
869 376 1141 438 omnino,
1186 370 1352 447 cujus
1381 384 1504 430 tan·
1520 377 1522 379 ’

168 489 283 533 tam
317 475 548 550 plurimi
578 487 773 529 curam
793 482 1002 545 gerunt
1036 484 1100 526 ac
1128 463 1167 523 fi
1195 461 1365 535 hujus
1380 482 1506 524 mo
1554 484 1559 488 ·

168 566 246 626 do
274 566 435 625 causa
465 562 695 624 natosse
723 561 832 621 effe
859 566 1181 622 crederent.
1225 555 1504 618 Mentem

167 673 306 713 vero
336 656 421 715 isti
449 674 567 715 non
593 657 652 713 in
679 655 815 713 alios
850 653 949 714 fibi
979 651 1110 713 usus
1139 670 1169 709 a
1199 647 1332 708 Deo
1369 665 1508 707 con-

167 746 371 806 cessam
414 745 771 813 existimant,
813 764 988 822 quam
1033 758 1099 802 ut
1142 738 1394 800 ministra
1437 735 1505 796 fit

169 838 532 911 voluptatum
598 838 817 913 orporis
858 836 915 894 &
957 835 1110 894 serva
1137 832 1506 908 ineptiarum.

171 926 357 987 Nullo
390 930 444 988 se
471 857 661 988 ηοῆὲέτ
691 930 819 1006 angi
852 928 1054 990 mortis
1095 926 1347 985 instantis
1385 941 1508 983 me-

171 1030 235 1073 tu
254 1058 270 1083 ,
311 1017 405 1077 sed
423 1018 562 1077 scire
577 1019 632 1078 se
646 1019 1057 1096 Sospitatorem
1075 1018 1242 1076 suurn
1273 1014 1504 1082 vivere,

172 1110 275 1183 qui
304 1109 586 1187 sanguinis
611 1111 696 1170 sui
723 1109 974 1173 fru6³tum
1010 1124 1387 1187 percepturos
1423 1120 1508 1164 ta-

169 1202 249 1258 les
276 1200 581 1262 affirmavit
613 1205 842 1280 qualem
870 1203 926 1263 se
946 1201 1056 1262 effe
1084 1202 1256 1260 certis
1282 1198 1507 1258 indiciis

140 1308 441 1364 ‚novet-at,
485 1309 679 1369 aperte
710 1311 842 1368 prae
867 1292 923 1351 se
955 1291 1194 1351 ferebat.
1237 1289 1376 1348 Tibi
1403 1286 1507 1364 ipsi

152 1380 396 1442 'abunde
423 1385 748 1460 persuasum
780 1384 860 1442 est
893 1403 1012 1442 non
1044 1381 1207 1446 fuiffe
1242 1383 1389 1442 hanc
1419 1393 1509 1439 te-

163 1476 460 1533 merariam
484 1475 843 1550 opinionem,
863 1492 1014 1550 quae
1043 1493 1144 1551 per
1167 1477 1389 1535 animos
1403 1473 1511 1532 ho-

163 1566 384 1623 minum
414 1567 671 1639 pervadit
710 1565 1195 1641 quandousuram
1232 1564 1508 1640 hujuslu-

167 1654 246 1715 cis
286 1655 384 1714 fibi
427 1656 677 1718 sentiunt
725 1654 912 1731 eripi,
966 1654 1100 1714 licet
1140 1657 1231 1715 via
1273 1655 1508 1717 vivendi

168 1763 342 1829 quam
384 1746 513 1806 sunt
569 1746 801 1826 ingreffi
839 1748 938 1807 vix
993 1747 1216 1825 aliquid
1269 1749 1510 1810 nomine

167 1843 490 1904 Christiano
528 1847 769 1922 dignum
815 1841 1059 1909 referat3
1105 1843 1201 1903 sed
1246 1843 1403 1919 spem
1434 1863 1511 1907 ex

165 1938 374 2001 intimo
419 1935 577 1994 sensu
634 1930 1057 2010 conjunfflonis
1098 1954 1233 1995 cum
1277 1932 1508 1994 Christo

164 2045 374 2087 natam.
451 2026 632 2085 Hunc
664 2028 765 2103 qui
792 2039 973 2092 amat,
1019 2040 1197 2104 atque
1225 2030 1371 2088 adeo
1403 2046 1508 2088 vo-

163 2117 373 2178 luntati
423 2116 544 2191 ejus
598 2115 967 2178 sanfflssimae
1025 2136 1250 2178 morem
1305 2139 1508 2198 gerere

163 2207 385 2273 studet3
430 2209 532 2284 qui
559 2210 807 2277 ducem,
840 2210 947 2285 qui
978 2212 1506 2317 amicum,experi—
1587 2285 1589 2289 ¹

165 2312 262 2357 tur
291 2297 502 2375 greffus
519 2297 646 2357 suos
673 2299 1054 2376 dirigentem,
1089 2323 1159 2362 ne
1179 2324 1380 2382 gemus
1394 2306 1502 2367 hu

155 2388 249 2464 jus
276 2389 451 2448 seculi
481 2388 550 2448 ab
581 2408 699 2448 uno
725 2391 821 2449 illo
841 2388 1007 2467 qnod
1020 2392 1098 2451 est
1128 2377 1503 2458 necessarium

159 2493 420 2548 mentem
475 2482 764 2545 incautam
826 2499 1042 2546 avertat
1074 2524 1091 2558 ‚
1158 2486 1317 2553 hilari
1384 2490 1506 2554 ani·

1376 2599 1499 2661 'mo
