1578 2918
401 138 1026 192 ffASTOR'LUM.
1340 143 1442 208 859

30 225 294 283 Eam·vero
318 226 394 285 sua
422 246 564 279 manu
599 227 879 277 delineatam
913 225 1035 275 mihi
1059 223 1254 276 tradidit
1276 228 1348 278 vir
1374 230 1442 281 11-

30 296 216 352 lusttifl’.
232 291 401 349 Paulus
413 296 680 348 Alexander
690 295 912 364 Maffejus
923 332 937 354 ‚
949 295 1031 362 qui
1048 295 1273 346 natalium
1290 295 1445 365 splen-
1462 331 1469 342 .

30 367 197 420 dotem
325 367 432 435 egia
470 365 712 433 literarum
752 364 803 413 ὅτ.
838 363 1131 431 antiquitatis
1163 367 1444 433 cognitione

30 441 257 498 exornat,
332 435 456 486 hanc
474 435 617 505 ipsam
635 434 990 503 inscriptionem
1009 432 1324 486 dissertatione
1335 454 1445 489 ver-

31 505 199 558 nacula
220 503 480 556 illustravit.
1436 525 1443 534 x

98 575 323 643 Denique
353 591 454 624 non
489 572 550 625 ab
570 589 623 624 re
657 571 761 623 fore
779 570 1007 635 arbitror,
1042 569 1078 623 fi
1100 589 1191 642 pro
1211 575 1445 643 appendi-
1460 607 1482 621 =.

33 660 91 695 ce
111 643 492 712 praecedentium
515 641 758 709 subjecero
776 642 1044 710 praecipuas
1064 641 1281 708 quasdam
1303 643 1446 695 diffe-

31 714 202 764 rentias
221 712 496 763 circa.diem
521 711 574 761 &
598 709 839 761 consulem
865 712 920 761 N
925 710 1185 761 ovellarum
1207 711 1447 765 Theodo-

33 779 118 845 sii,
142 782 467 835 Valentiniani
489 780 541 842 &
563 781 839 849 Majoriani.
913 779 1115 829 Contuli
1137 781 1267 830 enim
1291 783 1448 834 rubri-

32 867 113 901 ωε
132 867 294 901 earum
316 850 368 901 &
386 850 737 919 inscriptiones,
759 848 835 899 sed
856 849 931 899 vel
955 851 1162 901 maxime
1183 852 1327 901 etiam
1341 850 1450 902 sub-

32 917 311 988 scriptiones
335 954 352 982 ,
387 918 491 968 usus
527 918 694 968 codice
728 917 793 968 sat
827 917 977 967 bonae
1009 933 1151 969 notae
1182 936 1242 969 ex
1266 920 1453 972 laudata

33 985 324 1039 bibliotheca
342 986 979 1050 EminentiffimiOtoboni,
1005 988 1056 1036 in
1067 1005 1164 1055 quo
1189 988 1303 1038 MS.
1318 1007 1451 1055 prae-

36 1069 111 1108 ter
129 1055 462 1118 oes.novellaS‚
482 1073 592 1123 quas
613 1058 713 1123 Jac.
737 1054 1068 1106 Gothofredus
1087 1056 1194 1123 post
1214 1055 1454 1109 Codicem

35 1123 432 1177 Thoedofianutn
463 1123 614 1174 edidit
637 1161 651 1182 ,
697 1124 907 1190 quinque
938 1123 1045 1172 alias
1093 1124 1456 1176 constitutiones

36 1194 236 1246 ineditas
254 1195 409 1262 reperi
431 1210 486 1243 ac
507 1192 740 1260 descripsi.
811 1190 1085 1258 Inscribitur
1106 1193 1144 1242 is
1163 1194 1279 1244 MS.
1303 1195 1455 1244 Codex

38 1263 348 1326 Heodcfianus
367 1278 384 1311 .·
421 1260 473 1311 &
505 1261 664 1330 postea
687 1299 702 1320 ‚
753 1264 854 1309 Lex
886 1265 1088 1308 Romana
1111 1277 1130 1307 .·
1172 1261 1455 1333 videturque

34 1346 250 1388 ,exaratus
266 1332 393 1382 circa
414 1347 587 1380 annum
609 1330 687 1379 M.
709 1347 749 1378 a.
775 1329 973 1378 Christo
997 1342 1124 1378 nato.
1151 1329 1353 1381 Relatus
1374 1351 1456 1383 au-

38 1414 139 1451 tem
163 1399 304 1451 est-in
326 1399 484 1450 indice
503 1396 886 1466 splendidiffimae
907 1397 1026 1446 illius
1037 1397 1358 1450 bibliothecae
1372 1400 1455 1452 sub

37 1469 235 1521 literas.
247 1469 314 1519 X.
330 1485 409 1518 20.
447 1469 569 1519 Sunt
583 1485 727 1535 porro
744 1465 954 1516 novellae
975 1466 1334 1519 constitutiones
1346 1469 1456 1538 ipfi-

39 1555 134 1607 que
143 1537 271 1590 tituli
283 1539 333 1588 in
345 1555 404 1587 eo
414 1536 581 1587 codice
592 1537 685 1586 alio
697 1535 881 1606 prorsus
894 1534 1061 1584 ordine
1073 1536 1456 1606 collocati,quam

38 1606 398 1660 aGothofredo
422 1606 734 1668 exhibentur,
769 1604 928 1655 habita
951 1603 1242 1672 potiffimum
1266 1620 1459 1676 tempo-

39 1676 104 1727 ris
123 1677 323 1728 ratione.
393 1675 579 1727 Verum
601 1674 661 1724 de
685 1673 851 1724 ordine
875 1691 972 1723 non
995 1673 1210 1724 multum.
1224 1675 1458 1727 laborabi—

36 1761 148 1797 mus
166 1780 186 1809 ‚
229 1746 302 1795 uti
335 1761 426 1795 nec
460 1759 615 1795 cetera
646 1762 731 1794 nos
762 1744 813 1793 in
850 1741 1102 1812 praesentia
1134 1741 1414 1797 detinebunt
1439 1754 1471 1810 ‚⁸

42 1830 163 1880 quae
183 1814 338 1878 minus
375 1812 434 1862 ad
457 1831 556 1863 rem
581 1814 835 1881 pertinent.
905 1813 1089 1862 Interea
1121 1810 1285 1862 seriem
1320 1813 1458 1865 Con-

41 1879 524 1941 sulumservabimuS,
556 1896 612 1932 ut
635 1899 736 1932 mos
746 1881 814 1931 est
826 1882 1062 1933 Romanis
1081 1881 1132 1930 in
1155 1898 1204 1932 re
1224 1882 1459 1935 historica.

42 1951 262 2004 Primum
281 1968 401 2022 ergo
419 1969 503 2021 par
524 1950 784 2001 Consulum
810 1950 868 2001 fit

43 2054 90 2086 A.
100 2054 164 2085 eh.

45 2151 165 2219 438,
346 2156 688 2202 ''rnssonosws
725 2157 780 2190 A.
815 2156 922 2191 xvl.
959 2157 1027 2192 ET
1066 2158 1305 2194 FAvsrvs.

210 2224 456 2278 Videlicet
488 2244 591 2276 non.
621 2226 724 2276 sunt
753 2228 966 2278 novellae
1000 2228 1305 2293 Theodosii,
1341 2248 1460 2298 quae

211 2294 491 2345 adscendant
524 2294 658 2363 supra
686 2296 773 2347 hos
808 2296 1042 2356 consules,
1079 2299 1258 2367 quippe
1294 2299 1464 2368 quibus

212 2363 305 2432 ipse
317 2363 487 2413 Codex
501 2363 860 2416 Theodofianiis
875 2365 1199 2434 promulgatus
1214 2366 1295 2417 est.
1311 2369 1463 2419 Adea-

213 2447 291 2491 tur
324 2450 377 2482 ea
411 2433 470 2482 de
504 2450 580 2494 re,
615 2433 683 2482 est
704 2436 831 2484 enim
865 2433 1167 2487 controversa
1184 2469 1200 2493 ‚
1237 2437 1312 2487 vir
1336 2436 1464 2489 sum-

215 2503 426 2566 musJac.
445 2501 777 2552 Gothofredus
790 2505 839 2554 in
851 2503 1124 2574 Prolegom.
1140 2505 1198 2571 ad
1211 2521 1320 2556 eum
1334 2506 1463 2557 Cod.

216 2586 320 2639 cap.
349 2587 393 2622 1.
414 2569 524 2622 feet.
560 2587 635 2622 11.
661 2589 740 2622 nu.
769 2589 812 2640 3.
845 2573 998 2626 immo
1031 2576 1209 2642 paucae
1242 2574 1315 2626 his
1346 2592 1465 2626 con-

1292 2641 1463 2698 sulibus
