1578 2918
526 141 1038 194 INDEX:

0 234 5 259 τ
78 216 334 268 istoru-nr:
349 229 441 273 372·

0 306 10 350 ἱι

131 378 194 421 18.
215 392 300 430 ¹41·
316 393 411 431 241.
432 392 526 433 243.

0 409 9 432 ’τ
75 460 116 477 ..
141 443 227 476 non
254 442 526 476 memorantur
547 434 695 476 suffeffl
718 435 757 475 in

123 485 458 541 subscriptionibus
473 487 621 539 legum.-
636 498 683 541 23

69 564 84 578 .
104 569 114 579 .
139 539 323 582 ordinarii
340 541 382 581 &
398 539 544 582 suffecti
563 541 681 582 ambo
690 519 754 583 ad·

0 594 3 597 ’
120 591 248 646 scripti
261 595 304 636 in
320 593 547 648 quibusdam
555 594 754 648 lapidibus.

119 657 189 697 23.

69 726 81 738 .
101 728 111 739 .
136 698 337 742 honorarii
363 714 448 743 non
473 702 667 743 numerati
691 702 749 753 ju·

121 751 238 793 bente
254 753 449 796 Macrino.
473 757 558 807 136.

0 822 1 826 =
66 821 104 844 ,ι
130 805 276 848 decreti
290 808 332 848 in
348 820 494 850 annum
509 809 746 861 proximum.

116 866 208 908 242.

65 941 76 952 .
96 935 109 951 ·
132 911 336 954 suffec'tian
350 914 628 957 suerintseculo
638 925 745 969 quar·
778 932 781 935 Ν

115 971 173 1006 to.
190 965 279 1014 287.
300 966 393 1016 289.

63 1046 77 1059 .
101 1047 112 1058 .
135 1017 199 1059 edi
218 1019 259 1059 ὅ(
276 1019 356 1060 dari
366 1019 607 1062 dicunturob
616 1020 744 1062 ludos.

113 1083 205 1121 402.

62 1153 75 1166 .
92 1154 102 1165 .
128 1137 312 1166 numerus
336 1137 475 1167 eorum
502 1139 583 1167 non
600 1127 748 1178 semper

112 1179 355 1228 adscribitur,
363 1183 478 1232 quoti
493 1182 649 1222 fuerint.
656 1194 708 1231 44
715 1194 745 1222 1.

115 1243 208 1284 479·
226 1233 317 1284 613-
427 1287 436 1295 ,
571 1288 580 1295 ,

63 1315 75 1326 .
93 1312 105 1324 .
128 1285 240 1338 saepe
257 1285 307 1326 de
323 1298 490 1328 nomine
514 1299 626 1328 umus
646 1300 741 1328 con-

110 1338 198 1379 sulis
215 1337 310 1380 disti
321 1369 334 1388 ‚
350 1340 473 1381 altero
485 1340 641 1381 omiffo.
651 1341 741 1392 469.
777 1369 787 1381 .

110 1392 206 1432 60.

1 1500 3 1502 Ι
58 1450 147 1486 con
164 1445 256 1486 ules.
281 1445 459 1487 Nomina
483 1458 621 1487 eorum
656 1459 738 1488 non
774 1474 785 1486 .
807 1477 817 1487 .

109 1496 262 1551 semper
285 1499 429 1540 eodem
454 1500 591 1540 ordine
617 1501 739 1541 collo-

113 1561 267 1600 cantur,
290 1551 355 1593 sed
373 1553 500 1594 modo
517 1565 617 1594 unus
633 1566 736 1606 prae-
773 1580 784 1592 .
804 1583 815 1595 .

103 1604 235 1654 cedit,
262 1605 389 1647 modo
403 1606 510 1647 alter.
526 1605 592 1657 48.

59 1683 71 1697 .
89 1686 100 1698 .
128 1670 192 1707 24.
206 1671 290 1700 uno
307 1660 496 1711 anno.65.

50 1737 63 1750 .
83 1738 94 1750 .
119 1723 216 1752 num
229 1713 347 1752 etiarn
360 1713 502 1753 fuerint
518 1711 605 1753 alibi
619 1726 736 1766 quam
771 1742 780 1753 .
800 1742 810 1753 .

106 1763 353 1817 Romaemti
370 1766 411 1806 in
431 1766 663 1819 municipiis.-
677 1779 739 1821 73.
773 1797 784 1810 .
799 1797 811 1810 .

107 1817 201 1871 605.
529 1846 534 1847 ν

50 1889 67 1914 ⁴
82 1899 93 1912 .
117 1869 229 1926 saepe
252 1873 418 1914 nomina
444 1884 583 1913 eorum
603 1873 739 1915 dunta-

106 1933 172 1966 xat
194 1925 410 1967 scribuntur
434 1947 449 1975 ,-
482 1938 565 1965 non
602 1927 735 1967 addito
773 1954 812 1966 ..

103 1978 222 2030 quod.
252 1979 428 2020 consules
462 1979 605 2019 fuerint
630 2010 645 2029 ‚
680 1982 735 2022 uti

103 2030 239 2072 Palma
252 2031 294 2071 &
310 2031 436 2072 Celso.
456 2044 519 2082 75.

52 2102 65 2122 .·
83 2111 94 2122 .
118 2083 319 2126 honorarii
337 2096 421 2125 non
436 2083 608 2126 solebant
622 2086 732 2128 illum
767 2114 778 2126 .
797 2116 808 2127 .

103 2137 348 2178 consulatum
398 2149 604 2178 numerare
645 2150 735 2181 ante

99 2190 359 2232 Plautianum.
379 2201 467 2242 103.

47 2273 59 2285 .
78 2273 88 2284 .
114 2243 262 2286 suffeeti
293 2255 417 2296 quum
450 2242 634 2283 ordinarii
665 2243 733 2284 fie-

102 2306 190 2338 rent
203 2296 414 2337 scribebant
430 2296 618 2337 seiterum
634 2309 730 2338 con·
765 2327 776 2338 .
795 2325 807 2338 .

99 2350 208 2391 sules.
224 2362 313 2402 ¹03·

46 2414 61 2447 ’.
80 2434 90 2446 .
113 2405 259 2456 priores
283 2402 422 2444 ordine
446 2403 733 2445 honoratiores.

105 2468 194 2508 103.

51 2536 63 2551 .
86 2540 98 2555 .
125 2510 349 2571 exprivatis
366 2522 566 2563 nunquam
578 2510 732 2554 duobus

101 2575 211 2605 annis
227 2564 561 2617 consequentibus.
581 2576 670 2617 234.

797 249 808 262 .
827 224 841 260 2
871 224 990 266 etiam
1007 223 1055 266 ab
1072 223 1160 278 ipfis
1183 226 1485 280 imperatoribus

77 273 307 317 Consulatus
329 269 477 315 sufleffi
496 273 704 327 aliquando
721 274 760 315 in
843 287 927 318 non
962 287 1174 331 potuerunt
1204 280 1355 336 semper
1385 296 1480 328 con·

128 328 402 369 monumentis
418 328 612 370 veteribus
620 329 760 370 omiffi.
939 332 947 338 “

846 329 961 371 ssitni.
988 344 1078 381 242.

793 409 803 420 .
820 410 832 422 .
855 382 1108 427 suffectorum
1126 387 1300 430 nundina
1316 401 1340 431 a
1358 390 1477 434 Sena-

844 443 889 476 tu
907 437 1041 479 clausa.
1067 452 1155 488 242.
1339 465 1343 471 ·

792 516 803 529 .
823 518 833 528 .
860 491 996 540 privati
1016 504 1064 532 an
1084 493 1167 544 post
1177 494 1473 538 Diocletianum

841 541 884 581 &
902 544 1167 587 Aristobulum
1191 547 1284 589 nulli
1303 549 1473 601 adjunffl

837 595 1040 648 Augustis,
1067 600 1125 641 uti
1150 599 1275 643 scribit
1291 604 1474 644 Ammia-

839 660 922 690 nus.
941 652 1030 691 260.

786 728 796 739 .
815 732 826 744 .
854 703 915 743 alii
936 703 976 742 in
1003 705 1135 754 Italia,
1162 707 1224 747 alii
1251 708 1290 748 in
1318 710 1469 763 reliquo

838 756 934 849 ogbe
953 757 1154 801 Romano.
1169 760 1258 801 282.
1275 761 1363 812 287.
1381 767 1470 816 367.

781 891 791 902 .
810 894 821 907 .
848 865 1014 912 iterum,
1040 877 1122 906 non
1133 874 1246 907 notat
1262 866 1338 908 effe
1354 867 1466 912 inum

833 918 1072 959 consulatum
1093 919 1303 960 secundum
1318 922 1399 969 ,sed
1411 924 1468 963 se·

832 970 1003 1011 cundum
1039 985 1160 1025 quem
1196 973 1308 1015 simul
1343 975 1466 1026 geffe-

834 1031 937 1063 runt.
956 1035 1044 1075 3¹3·
1154 1070 1156 1073 v

782 1105 790 1113 .
810 1104 821 1117 .
849 1087 896 1114 an
921 1076 995 1116 dici
1016 1077 1157 1127 poffint
1167 1077 1247 1125 bis‚·
1263 1078 1371 1131 quod
1383 1080 1464 1121 duo

832 1128 884 1167 illi
902 1128 1014 1170 simul
1031 1130 1204 1170 consules
1231 1132 1287 1172 bis
1308 1133 1466 1175 suerint.

861 1193 872 1221 1
908 1211 919 1223 .

776 1264 786 1274 .
803 1263 812 1274 .
829 1191 862 1274 321
882 1192 1069 1288 3tyrannis
1108 1236 1211 1278 fasti.
1249 1249 1338 1291 321.
1373 1239 1465 1292 367.

831 1300 917 1338 51¹·

807 1369 817 1379 .
845 1339 1038 1382 debebant
1062 1341 1219 1383 adscribi
1245 1343 1295 1385 ad
1333 1344 1462 1386 chara-

830 1394 974 1434 &erem
991 1396 1193 1447 temporis.
1216 1407 1306 1447 359.
1428 1419 1430 1421 -

844 1447 999 1499 fugitivi
1031 1449 1100 1502 qui
1124 1449 1167 1489 in
1196 1448 1296 1491 fastis
1319 1449 1462 1504 scripti.

824 1511 1067 1596 3a95Lentulo
1100 1556 1142 1596 δε
1174 1554 1313 1597 Pisone
1339 1556 1458 1611 usque

826 1605 874 1647 ad
900 1607 1071 1648 Silanum
1096 1610 1138 1649 δε
1159 1609 1335 1650 Nervam
1362 1623 1459 1652 enu-

826 1662 963 1701 merati
983 1662 1031 1701 ab
1048 1661 1281 1714 Epiphanio.
1306 1675 1397 1714 452.

837 1715 945 1765 pue'ri
962 1716 1162 1766 vagientes
1178 1715 1307 1756 creati.
1321 1729 1415 1766 407.

842 1767 1051 1820 aliquando
1086 1768 1244 1809 suerunt
1273 1770 1314 1809 in
1346 1770 1460 1812 nullis

824 1819 922 1860 fastis
949 1822 1189 1870 memorati,
1223 1820 1336 1874 quod
1359 1835 1460 1863 con„-

822 1871 987 1914 sulatum
1006 1875 1211 1926 rapuerint.
1238 1887 1328 1926 595.

838 1927 1042 1967 orientales
1069 1928 1109 1967 in
1138 1928 1292 1968 oriente
1325 1929 1455 1980 primo

822 1979 917 2020 loco
941 1980 1265 2027 nominabantur,
1292 1981 1333 2020 in
1351 1983 1456 2022 occi-

818 2033 939 2074 dente
956 2045 1053 2073 vero
1072 2033 1344 2074 occidentales.
1360 2034 1456 2087 636.

834 2085 994 2139 quando
1011 2099 1094 2126 non
1121 2087 1194 2126 rite
1220 2086 1465 2138 distinguuns

818 2146 881 2180 tur
899 2168 911 2185 ,
946 2139 1203 2180 conciliorum
1230 2139 1456 2181 habitorum

818 2200 1001 2244 tempora
1027 2203 1229 2243 perperam
1255 2201 1457 2234 notantur.

838 2251 976 2348 ffivati
1001 2296 1096 2338 nulli
1121 2297 1278 2338 fuerunt
1295 2297 1378 2349 post
1398 2298 1459 2340 1³14

817 2350 996 2391 Bafilium
1008 2351 1220 2402 juniorem.
1237 2361 1326 2400 717.

764 2404 1035 2447 Gordinianus.
1057 2415 1145 2456 179.

762 2457 996 2549 Corigolanus
1029 2457 1072 2497 &
1114 2457 1327 2510 Perpetuus
1362 2456 1456 2500 coss.

820 2523 833 2550 1
867 2522 906 2548 0.

762 2562 944 2605 cornelia
962 2562 1156 2607 Hilaritas.
1186 2575 1274 2616 ηπ,

838 2620 873 2657 1<
886 2616 945 2656 kk
973 2630 995 2658 2
1302 2618 1455 2667 Corne«,
