1612 2970
439 0 483 9 <m-

384 141 1199 212 PRAEFATIO:

118 305 208 352 tre
232 284 343 348 meo
369 286 568 346 Severo
596 310 616 344 .·
666 287 766 346 ubi
811 286 1056 368 Scaliger
1088 291 1143 344 &
1180 282 1469 346 Salmafius

117 369 270 435 ὀυιῖΐρκ
298 366 592 443 legendum
622 365 877 432 censenti,
915 381 971 423 at
998 384 1109 420 non
1143 365 1469 441 persuadent

122 444 404 504 Gatakero
429 483 449 512 ,
489 445 642 517 cujus
673 445 908 501 rationes
935 442 1090 500 vide.
1161 442 1236 498 Et
1267 461 1368 516 pro
1400 443 1470 499 iis

120 525 290 581 etiam
336 521 445 578 hoc
477 520 656 578 facere
697 520 875 597 potest
907 520 1065 597 quod
1092 519 1147 576 in
1178 520 1471 577 codicibus

121 599 408 658 Ammiani
449 599 544 655 lib.
586 616 886 669 xx11r.5.
927 596 1307 671 manuscriptis
1335 596 1471 674 legi-

121 692 213 735 tur
236 673 510 751 Trajanus
540 675 597 737 &¹
627 679 803 735 Verus
830 674 1072 732 Severus
1096 715 1112 742 ,
1166 675 1265 732 ubi
1297 676 1472 733 Verus

121 774 188 812 ac
212 754 448 812 Severus
478 755 651 830 vulgo
684 770 827 810 nunc
853 754 1070 810 editum
1099 768 1285 819 extat,
1314 752 1473 828 quod

122 837 181 890 δε
204 851 313 908 ego
345 832 720 907 praetulerim.
867 880 870 883 Α

27 978 34 980 ἡ
199 908 378 985 Quod
404 908 443 965 fi
470 907 623 984 plura
639 907 858 965 nomina
876 906 1199 965 uni-consuli
1229 909 1473 967 tribuan-

119 1000 213 1044 tur
232 1025 251 1053 ,
290 991 346 1043 ὃ(
367 986 538 1043 modo
568 987 676 1043 hoc
708 986 878 1042 modo
909 985 1009 1042 illo
1035 1002 1386 1061 nuncupetur
1415 988 1474 1043 in

72 1119 77 1122 .
121 1065 495 1122 monumentis
525 1064 900 1131 veteribu5,&
924 1065 981 1120 in
1009 1063 1136 1138 ipfis
1168 1063 1341 1122 Fastis
1360 1104 1378 1131 ,
1397 1063 1476 1121 fa-

129 1141 238 1199 cile
264 1141 595 1220 intelligitur
627 1142 773 1219 leges
790 1181 807 1208 ‚
824 1161 968 1217 quae
998 1141 1263 1198 videntur
1286 1142 1473 1199 diver-

121 1216 189 1276 fis
214 1219 531 1277 consulibus
561 1221 758 1288 datae,
788 1221 859 1277 ad
885 1219 1106 1277 eosdem
1139 1218 1388 1276 consules
1416 1225 1475 1276 &

121 1313 292 1353 annos
319 1295 505 1353 referri
533 1297 687 1373 poffe
721 1336 739 1365 ,
791 1298 950 1373 quod
979 1295 1131 1352 usum
1166 1296 1361 1353 habere
1388 1298 1473 1353 in-

122 1371 331 1450 fignem
372 1391 538 1429 nemo
566 1374 923 1430 inficiabitur.
1005 1374 1211 1430 Scribit
1243 1374 1473 1450 quidem

123 1448 601 1506 Eminentiffimus
634 1447 888 1503 Norifius
908 1486 923 1511 ,
938 1450 1078 1521 qui,
1097 1449 1136 1503 fi
1153 1451 1281 1522 quis
1309 1453 1467 1518 aliuS,

122 1525 625 1585 fastos'luculenter
650 1522 974 1588 illustravit,
1006 1524 1062 1578 in
1096 1524 1326 1598 epistola
1340 1546 1476 1584 con-

123 1604 285 1662 sulari
313 1623 438 1680 pag.
466 1618 604 1678 475.
662 1599 887 1682 Qtoties
918 1601 1095 1674 confitl
1113 1602 1272 1678 plura
1301 1621 1476 1682 cogno-

122 1684 267 1739 mina
277 1681 502 1757 fhrebat
534 1725 547 1745 ‚
591 1681 846 1756 postremo
875 1689 1087 1735 tantum
1126 1681 1181 1735 in
1211 1678 1372 1757 fastis
1386 1681 1467 1754 -st-

111 1758 406 1837 gnabatur.
465 1759 678 1818 Verum
695 1796 713 1824 ,
754 1756 1002 1831 quamvis
1035 1774 1143 1811 non
1172 1775 1363 1834 negem
1393 1761 1470 1816 ita

124 1836 453 1914 plerumque
478 1835 600 1893 fieri
627 1881 650 1904 ,
707 1853 816 1890 non
845 1831 1042 1890 desunt
1069 1847 1252 1890 tamen
1281 1854 1469 1893 exem-

125 1915 219 1991 pla
249 1915 382 1972 huic
421 1916 624 1971 canoni
657 1912 946 1969 contraria.
1028 1911 1113 1967 Ita
1141 1910 1342 1970 Gratus
1371 1914 1468 1972 Sa-

124 1994 379 2050 binianus
406 1991 598 2048 consul
631 2010 777 2047 anno
803 2009 954 2046 aerae
984 1987 1220 2065 vulgariS
1239 2009 1371 2046 221.
1412 1992 1468 2049 in

125 2069 457 2146 quibusdam
500 2067 650 2127 fastis
680 2067 883 2124 Gratus
912 2105 930 2132 ,
981 2067 1039 2122 in
1065 2067 1188 2122 aliis
1223 2066 1470 2129 Sabinia-

126 2166 261 2214 nuS,
303 2162 668 2222 nuncupatur.
712 2149 881 2200 Anno
917 2146 1046 2219 238.
1075 2141 1199 2200 fasti
1229 2147 1468 2203 eundem

124 2226 298 2291 modo
324 2223 661 2281 Pontianum
697 2221 869 2279 modo
908 2221 1206 2279 Proculum
1235 2237 1466 2280 vocant:

124 2321 268 2360 anno
326 2305 435 2377 146
490 2301 792 2358 Claudium
849 2298 1107 2357 Se'verum
1156 2300 1253 2357 alii
1294 2300 1468 2358 Clau-

124 2381 320 2445 dium,
361 2380 456 2436 alii
497 2380 788 2436 Severum:
818 2397 963 2435 anno
1009 2381 1121 2434 226
1151 2377 1469 2436 Alexander

123 2457 430 2533 appellatur
472 2458 528 2513 in
573 2454 724 2512 fastis
768 2455 1097 2531 quibusdam
1155 2456 1257 2532 qui
1300 2457 1358 2513 in
1411 2476 1466 2511 a·

124 2534 216 2593 liis
244 2535 493 2596 Severus.
549 2533 829 2610 Adeoque
858 2533 1124 2611 quoniam
1152 2532 1328 2591 modo
1357 2532 1468 2669 hgc

1294 2629 1386 2668 mo
1431 2629 1468 2669 ο
