1612 2970
430 0 481 10 Ι

369 121 1190 191 PRAEFATIO.

141 270 299 337 uibfus
323 268 386 327 id
414 265 854 326 confirmabitur.
937 265 1006 324 N
1008 286 1070 324 ec
1101 265 1311 328 utilitas
1331 286 1455 329 moa

157 409 179 414 v,
203 346 375 424 ‘hujus
412 348 492 405 rei
530 345 583 403 se
624 345 695 401 ad
723 341 890 402 fastos
919 349 974 402 ὅτ
1015 344 1267 406 consules
1306 347 1455 409 solos

95 427 367 500 attendit.
442 423 556 499 ,lpfi
599 422 727 480 libri
757 438 967 486 veteres
993 424 1311 485 austoribus
1344 427 1454 490 suis

94 504 202 571 hac
227 523 338 581 ope
365 502 739 560 vindicantur.
784 502 931 575 Quis
961 500 1132 559 nescit
1164 503 1453 563 Philome-

91 583 206 642 lam
228 583 374 640 inter
399 582 641 640 carmina
672 578 882 635 Ovidii
903 578 1144 639 Nasonis
1163 581 1311 659 legi?
1345 582 1452 641 Pe-

93 679 302 736 ponem
345 679 451 737 pro
495 658 665 715 corde
706 655 872 713 habet
917 658 1019 733 qui
1061 658 1453 736 elegantissimi

92 734 246 797 illius
286 743 488 815 po'e'tae
530 734 746 794 foetum
800 734 950 791 hunc
997 734 1103 792 effe
1154 736 1449 798 existimat.

91 814 230 880 Nec
272 834 521 892 unquam
560 814 691 870 loco
742 827 853 869 tam
899 813 1083 868 alieno
1138 814 1278 872 lezsta
1308 815 1450 873 fuis-

91 891 205 962 fet,
242 892 290 950 fi.
308 894 495 951 omnia
521 891 748 948 nomina
777 889 926 947 illius
958 889 1241 966 scriptoris
1269 932 1288 959 ,
1346 895 1449 951 Al-

91 971 212 1029 bins
239 990 439 1047 nempe
469 969 719 1030 Ovidius
731 967 1068 1045 Juventinus
1095 971 1216 1044 (uti
1250 971 1306 1027 in
1324 971 1448 1029 Cu-

82 1049 306 1181 jfaciano
351 1049 559 1120 codice
592 1043 986 1123 nuncupatur)
1029 1049 1259 1124 cognita
1307 1046 1447 1108 fuis-

110 1143 223 1190 ent.

168 1203 377 1268 Fateor
405 1205 462 1261 in
489 1202 642 1262 fastis
674 1201 1060 1279 Onuphrianis
1086 1206 1142 1259 ὃ(
1169 1202 1291 1261 aliis
1321 1205 1448 1262 uni-

88 1281 299 1357 cuique
339 1281 554 1339 consuli
583 1282 739 1357 plura
780 1283 1005 1337 nomina
1032 1280 1151 1336 dari
1180 1301 1192 1336 ε
1252 1281 1345 1339 sed
1372 1299 1447 1341 ex

90 1358 423 1433 conje&uris
447 1355 561 1414 fere
585 1359 773 1415 omnia
801 1398 818 1424 ‚
859 1358 1019 1433 quod
1044 1376 1115 1414 ex
1144 1359 1245 1416 tali
1278 1375 1446 1437 gente

88 1452 274 1501 ortum
302 1435 506 1492 ducere
535 1434 840 1496 ?credantur
867 1471 887 1498 ,
939 1434 1095 1507 quod
1136 1435 1231 1491 alii
1270 1439 1329 1493 in
1358 1456 1448 1495 ea-

87 1513 415 1590 demvgente
443 1511 575 1566 talia
594 1510 945 1585 praenomina
963 1507 1220 1585 gesserint
1235 1548 1252 1576 ‚
1286 1514 1447 1588 quod

87 1591 146 1648 in
170 1590 531 1665 inscriptione
558 1589 734 1644 veteri
764 1587 850 1643 illi
879 1588 1093 1642 nomini
1115 1607 1446 1662 praenomen

86 1667 239 1729 istud
258 1670 541 1742 jungatur,
569 1682 736 1741 atque
767 1665 843 1720 ita
876 1683 1058 1739 porro.
1091 1665 1251 1722 Haec
1282 1667 1446 1725 nimis

86 1744 210 1813 sunt
251 1745 463 1802 lubrica
511 1747 569 1800 δε
612 1744 819 1800 incerta
848 1761 1015 1818 quam
1046 1758 1109 1798 ut
1138 1742 1206 1800 iis
1245 1743 1348 1800 niti
1375 1745 1443 1802 li·

86 1839 225 1883 ceat.
248 1821 627 1898 Deprehendo
657 1821 823 1878 etiam
843 1819 1227 1895 inscriptiones
1259 1821 1444 1882 avitis

86 1900 269 1960 doffis
297 1899 484 1958 referri
522 1900 593 1956 ad
637 1899 888 1955 consules
917 1898 1222 1955 ordinarios
1260 1915 1440 1956 certo-

85 1978 208 2037 rum
239 1997 540 2044 annorum,
559 1978 614 2033 in
645 1976 850 2051 quibus
882 1977 1107 2032 nomina
1132 1977 1439 2036 eorundem

85 2056 377 2114 consulum
407 2057 698 2130 leguntur,
721 2054 854 2110 licet
879 2054 1007 2111 illos
1035 2054 1257 2112 eosdem
1277 2075 1341 2112 ac
1355 2075 1443 2112 or-

84 2134 326 2192 dinarios
341 2131 502 2190 fuisse
527 2147 737 2188 certum
758 2130 981 2198 nonsit,
997 2136 1052 2188 δε
1083 2131 1305 2194 forfitan
1331 2131 1444 2190 suf-

86 2210 224 2270 fecti
240 2210 324 2268 illi
341 2209 546 2268 fuerint
572 2224 665 2266 aut
681 2210 751 2267 ad
779 2208 948 2266 alium
978 2213 1180 2266 annum
1201 2208 1439 2268 referen-

85 2289 169 2347 di.
225 2287 453 2346 Poffunt
488 2286 714 2362 quidem
747 2286 1130 2362 inscriptiones
1158 2289 1288 2344 illae
1310 2307 1440 2347 cum

36 2437 41 2440 ᾖ
86 2365 272 2424 fructu
303 2366 414 2424 illis
443 2365 759 2422 consulibus
800 2363 1033 2423 adscribi
1075 2370 1132 2422 δε
1164 2366 1266 2423 illo
1293 2385 1443 2424 anno

88 2443 339 2502 adnotari
356 2483 374 2511 ,
394 2444 663 2519 quamdiu
695 2463 805 2500 non
832 2442 1042 2500 constat
1059 2443 1130 2501 ad
1154 2462 1324 2520 quem
1346 2464 1442 2502 an-

88 2539 224 2580 num
266 2522 351 2581 illi
394 2521 646 2583 consules
676 2538 829 2582 certo
866 2521 971 2581 fint
998 2520 1317 2588 referendi,
1378 2535 1445 2579 ut

225 2626 230 2630 ·
1190 2600 1442 2677 aliquem
