1586 2944
142 152 263 214 250
451 146 455 149 ¹
612 130 662 196 F
714 112 772 200 {A
836 134 872 189 s
938 134 990 191 Τ
1054 135 1094 189 1-

126 220 266 254 Aac,
314 215 389 249 Chr,

296 293 405 301 ..—ae-——-

122 355 262 413 *1035
314 327 404 396 283
503 343 603 391 rino
620 347 868 408 co‘nstdatus.
903 345 955 396 &
983 361 1124 407 mox,
1157 365 1187 396 a
1208 348 1420 412 confidam
1436 353 1539 399 Ca·

512 413 742 476 risecundi
775 421 797 476 (
810 413 1050 472 secundo)
1087 422 1142 474 ώ-
1161 416 1327 467 Carini.
1460 467 1461 470 ,
1580 466 1586 473 ,

445 476 647 533 Carinus
698 482 750 532 &
797 480 1126 533 Numerianus
1171 498 1279 535 ante
1314 485 1527 536 mensem

507 546 842 613 Septembrem
862 549 1070 617 Augusti
1086 553 1366 617 nuncu-pati,
1395 567 1450 603 ut
1467 570 1526 603 ex

510 615 648 667 variis
680 617 881 668 Codicis
906 616 1193 686 fJustinianei
1213 618 1452 685 rescriptis
1476 621 1527 672 &

511 682 835 736 Numismatis
861 685 1031 752 liquet.
1081 688 1148 736 Ita
1175 686 1351 755 Pagius
1364 686 1526 739 scribit

510 752 730 819 hypatiea
751 752 923 806 differt.
941 752 987 805 h.
1013 752 1046 801 l.
1062 754 1112 805 &
1138 754 1186 804 in
1199 752 1381 804 Critica
1404 754 1460 804 ad
1478 756 1525 805 h.

506 837 546 870 a.
580 820 769 873 Verum
780 820 1048 872 Carinus&
1071 822 1405 873 Numerianus
1420 827 1524 873 Au-

504 886 758 955 gustorum
804 889 957 940 titulo·
994 889 1281 942 decorantur
1333 908 1376 954 3.
1414 892 1524 939 Kal.

507 959 662 1005 Mart.
686 954 735 1013 in
759 955 791 1006 1.
814 974 863 1017 9.
887 956 950 1006 C.
975 957 1034 1006 de
1048 958 1117 1007 rei
1131 957 1356 1008 vindicat.
1405 955 1524 1007 item

504 1025 629 1074 Non.
666 1023 795 1088 Majz'
819 1024 870 1075 in
900 1024 932 1074 l.
959 1024 1009 1074 6.
1035 1024 1096 1073 C.
1120 1024 1181 1074 de
1203 1023 1360 1090 praed.
1389 1024 1441 1074 &
1464 1025 1522 1074 al.

502 1090 604 1143 reb.
631 1090 800 1141 minor.
841 1092 957 1142 item
991 1091 1105 1140 [dib.
1126 1091 1317 1159 Januar.
1342 1090 1394 1140 in
1419 1093 1448 1140 l.
1481 1107 1524 1155 5.

508 1159 570 1207 C.
602 1159 780 1226 quand.
814 1176 1014 1224 provoc.
1040 1175 1089 1208 n.
1123 1176 1164 1209 e.
1184 1158 1356 1208 necess.
1404 1157 1523 1209 item

500 1226 617 1274 Idib.
651 1227 840 1290 Augusti
861 1225 908 1273 in
932 1225 963 1273 1.
987 1239 1037 1291 4.
1061 1225 1124 1274 C.
1147 1223 1197 1273 in
1227 1223 1362 1290 quib.
1398 1227 1522 1276 caus.

505 1291 639 1359 pign.
672 1308 717 1340 v.
746 1290 956 1357 hypoth.
987 1290 1112 1342 tacit.
1145 1291 1367 1343 contrah..
1435 1293 1524 1344 Pa-

503 1359 611 1427 gius
635 1358 694 1408 de
720 1358 775 1409 iis
796 1358 984 1427 legibus
1007 1359 1058 1409 in
1081 1357 1259 1426 quibus
1295 1373 1406 1412 ante
1428 1362 1524 1429 Ju-

389 1480 393 1484 ,
503 1426 640 1478 nium
660 1426 803 1492 hujus
821 1427 932 1477 anni
945 1426 1046 1478 latis
1067 1426 1246 1496 legitur
1258 1432 1415 1488 Carus,
1431 1432 1522 1476 Ca.

497 1499 636 1554 rinus,
660 1497 957 1544 Numerianus
971 1498 1042 1544 A.
1064 1501 1133 1546 Α.
1147 1498 1219 1546 A.
1258 1493 1423 1546 scribit
1447 1512 1521 1548 er-

112 1633 146 1666 A
501 1579 659 1614 rorem
679 1561 910 1628 irrepfiss'e
937 1563 988 1617 in
1010 1563 1098 1613 hos
1119 1560 1303 1614 titulos.

149 1636 248 1667 .U.C.
305 1637 381 1670 Chr.

118 1708 405 1716 ——1-——a

118 1760 250 1823 1036
287 1752 388 1818 284
433 1754 576 1828 Imp.
610 1750 699 1806 M.
732 1747 985 1805 Aureiius
1013 1745 1247 1803 Carinus
1275 1747 1351 1805 II.

435 1829 519 1885 M.
548 1825 803 1885 Aurelius
830 1823 1206 1882 Numerianus
1233 1824 1311 1881 11.

430 1925 628 1982 Suffesti
652 1925 710 1977 ad
735 1926 868 1977 hunc
891 1941 1072 1977 annum
1094 1925 1373 1984 referuntur

803 2005 1132 2057 Diocletianus
1155 2007 1206 2055 δε

801 2074 990 2126 Annius
1015 2073 1192 2125 Bassus.

910 2152 1022 2203 dein
1160 2188 1165 2194 κ

806 2233 883 2294 Μ.
906 2235 1030 2291 Aur.
1055 2233 1162 2286 Val.
1185 2233 1511 2289 Maximianus

1081 2307 1129 2351 &

804 2371 880 2422 M.
904 2371 1077 2438 Junius
1103 2369 1367 2422 Maximus·

547 2453 640 2508 Sed
675 2451 898 2506 suffeffls
943 2452 1022 2503 hic
1066 2450 1353 2501 Maximiani
1393 2469 1507 2502 conv

615 2521 788 2574 sulatus
806 2537 908 2574 non
923 2520 1154 2595 probatur
1176 2518 1325 2595 Pugio
1350 2518 1506 2639 insint·-

1445 2601 1466 2634 Γ
1494 2624 1504 2635 .
