1578 2918
150 149 254 209 828
528 157 587 203 A
623 155 663 201 P
699 157 738 202 P
773 157 818 203 E
852 154 914 202 Ν
943 149 993 204 1)
1029 159 1063 205 J
1090 157 1143 203 X
1227 203 1234 211 ,
1424 199 1427 202 ,

142 243 283 310 cipua
310 238 463 289 omnis
486 236 724 288 Historiae
748 226 926 287 luinina
947 235 1172 288 haetenus
1191 223 1330 290 vobis
1349 236 1506 308 splena

141 310 308 361 dorem
324 307 467 357 suum
502 305 554 356 &
589 318 811 356 ornatum
839 304 1029 356 debent.
1086 305 1351 371 Qantum
1373 322 1504 359 certe

142 378 202 430 ad
218 377 346 443 Juris
378 374 617 426 scientiam
643 373 856 424 conferat
880 386 1095 426 accurata
1123 376 1397 444 temporum
1429 387 1505 427 at-

144 456 237 514 que
270 444 624 496 intervallorum
648 441 891 493 distinetio
915 459 1026 494 cum
1057 443 1136 495 alii
1159 438 1408 496 doffifflmi
1433 446 1506 495 in*

144 527 373 583 terpretes
392 513 572 563 dudum
596 512 780 581 scriptis
798 513 1002 582 egregiis
1025 512 1363 581 prodiderunt,
1397 527 1505 564 tum

143 598 260 633 vero
283 600 381 632 non
403 583 467 632 ita
488 581 675 650 pridem
697 580 1043 644 facundiffima‚
1060 594 1114 631 ut
1135 580 1250 633 solet
1263 622 1280 645 ‚
1302 598 1358 639 ac
1374 599 1508 650 pror-

143 651 215 704 sus
246 652 316 702 ele
353 652 450 701 anti
484 651 701 700 oratione
732 648 961 701 indicavit
987 650 1274 704 Clarissimus
1305 652 1355 702 in
1381 652 1509 714 Aca-

144 720 299 771 demia
318 667 565 789 {ugduno
585 720 759 770 Batava
783 718 1058 782 antecellor,
1077 719 1312 770 Antonius
1333 720 1511 772 Sehul-

145 789 351 857 tingius‚
387 806 499 839 cum
521 787 580 839 de
603 787 977 856 jurisprudentia
999 788 1222 841 historica
1245 787 1508 841 sermonem

144 857 337 929 publice
355 857 563 909 haberet.
634 855 885 922 Qantum
908 862 1098 926 quoque
1124 859 1360 909 fiiom'enti
1386 854 1511 926 apud

147 945 230 979 me
257 926 471 979 obtineat
508 925 728 978 metatio
759 927 870 976 artis
905 926 1086 976 nostrae
1107 925 1164 976 ad
1200 926 1364 977 seriem
1386 939 1512 976 tem-

149 996 277 1064 poris
309 994 360 1045 &
381 1013 441 1046 ex
473 1012 528 1046 ea
549 994 868 1064 profluentem
884 996 1011 1060 Juris
1049 995 1290 1045 historiam
1317 1012 1508 1045 accom-

149 1063 338 1116 modata
359 1099 376 1127 ,
418 1065 517 1133 jam
541 1077 651 1114 ante
685 1064 865 1132 aliquot
896 1075 1041 1113 'annos
1074 1063 1289 1114 ostendit
1317 1063 1514 1114 Alfenus

151 1149 318 1192 meus;
367 1150 463 1199 quo
493 1132 623 1182 velut
661 1132 864 1199 prologo
889 1131 1106 1182 testatum
1125 1131 1218 1183 feci
1235 1162 1259 1194 3
1295 1131 1512 1210 propofi-

154 1216 259 1252 tum
291 1198 410 1250 mihi
443 1200 532 1252 effe
566 1202 720 1269 capita
756 1199 1097 1250 Pandeetarum
1144 1199 1196 1250 ὃς
1227 1199 1423 1250 Codicis
1451 1212 1513 1250 ex

152 1282 306 1320 aetate
336 1268 590 1319 auetorum
615 1270 979 1336 uniuscujusque
1014 1269 1266 1337 fragmenti
1293 1281 1374 1319 aut
1396 1280 1514 1319 con-

123 1392 129 1399 „
154 1337 412 1388 stitutionis
430 1336 644 1404 digerere
667 1371 684 1399 ‚
719 1349 859 1402 atque
884 1353 942 1385 eo
966 1336 1111 1386 modo
1138 1336 1388 1389 dilucidius
1414 1337 1515 1406 plac-

155 1407 354 1472 niusque
389 1418 497 1454 ante
530 1404 693 1454 oculos
731 1418 907 1471 ponere·
928 1441 942 1463 ,
979 1422 1120 1472 quem
1144 1403 1279 1455 usum
1313 1422 1516 1474 quamve

155 1474 409 1537 utilitatem
443 1475 492 1523 in
514 1489 565 1522 ea
586 1471 964 1542 explicandarum
988 1474 1148 1542 legum
1181 1473 1414 1533 methodo
1433 1474 1517 1525 de-

154 1542 367 1595 litescere
396 1540 682 1592 observarint
712 1542 880 1593 summi
917 1544 1092 1611 quique
1125 1545 1253 1613 Juris
1284 1545 1518 1613 interpre-

156 1627 242 1663 tes,
314 1609 455 1674 Qiae
477 1627 589 1662 cum
613 1612 680 1662 ita
702 1610 818 1674 sint,
853 1611 1009 1676 ulti-0,
1043 1626 1097 1662 ut
1127 1614 1329 1681 opinor,
1364 1613 1518 1664 mani-

156 1679 327 1731 festum
352 1679 419 1730 est
437 1718 452 1739 ‚
503 1694 792 1749 quantopere
826 1680 949 1730 mihi
984 1698 1123 1732 curae
1157 1681 1386 1748 cordique
1426 1682 1518 1732 effe

159 1749 362 1800 debeant
393 1748 624 1817 ejusmodi
659 1748 838 1799 labores
869 1744 1220 1820 chronologici.v
1289 1749 1518 1818 Quapro-

159 1833 266 1887 pter
297 1818 440 1868 etiam
475 1817 812 1868 incredibiliter
842 1817 1046 1868 laetabar
1066 1854 1083 1881 ,
1126 1835 1241 1868 cum
1272 1833 1424 1886 nuper
1455 1834 1518 1870 ex

161 1888 421 1937 amicorum
465 1887 515 1936 in
553 1887 687 1951 Italia
722 1887 868 1937 literis
897 1886 1208 1955 intelligerem
1231 1922 1250 1950 ‚
1306 1887 1518 1938 adornari

164 1956 381 2023 Neapoli
404 1973 522 2024 opus
554 1953 792 2023 quoddam
815 1954 1305 2006 Critico-historicum
1329 1955 1385 2006 ad
1414 1956 1520 2007 iuu-

163 2024 440 2074 strationem
462 2023 656 2073 Codicis
671 2023 947 2089 Justinianei
965 2061 980 2085 ,
1007 2022 1195 2074 auetore
1215 2023 1519 2075 Illustrissimo

165 2110 221 2143 ac
231 2090 639 2156 Reverendiffimo
662 2091 784 2160 apud
809 2091 1155 2160 Neapolitanos
1167 2094 1300 2158 viro,
1322 2093 1524 2144 todem-

165 2178 258 2230 que
279 2178 377 2211 non
389 2160 620 2230 dignitate
639 2162 793 2230 magis
803 2177 943 2228 quam
967 2161 1401 2231 ingeni0‚do&rina
1415 2195 1432 2221 c
1451 2176 1524 2214 at·

167 2246 260 2299 que
274 2229 539 2281 eruditione
551 2229 822 2300 conspicuo.
837 2231 993 2298 Hujus
1014 2245 1172 2281 autem
1186 2230 1523 2299 praeclariffimi

168 2299 338 2365 operis,
349 2300 428 2348 cui
442 2297 669 2350 Alfenum
686 2317 842 2349 meum
857 2299 1074 2349 nonnihil
1088 2301 1380 2351 incitamenti
1395 2300 1526 2351 addi⁶

169 2366 281 2417 diffe
313 2367 458 2418 iidem
483 2367 602 2418 mihi
625 2367 911 2419 blandientes
932 2368 1246 2432 affirmabant,
1261 2372 1354 2438 jam
1377 2369 1404 2419 s
1429 2370 1526 2419 eci-

172 2453 285 2487 men
323 2435 503 2503 prodiit
538 2436 632 2488 hoc
663 2437 806 2488 titulo
828 2473 846 2500 ‚
892 2438 1187 2507 Inscriptiones
1222 2449 1290 2488 0·
1327 2443 1363 2488 S
1436 2442 1526 2487 cri-

164 2509 329 2576 ptiones
349 2505 616 2574 Jzstinianei
636 2507 806 2556 Codicis
826 2526 854 2554 a
874 2521 913 2579 ty
943 2507 1217 2577 ographorum
1239 2511 1417 2557 incuriis
1427 2513 1529 2556 vin-

173 2576 356 2624 dicatae.
427 2573 596 2641 Qum
631 2575 779 2647 igitur
812 2575 871 2626 de
906 2521 1002 2627 ἕως
1036 2577 1254 2630 instituto
1284 2576 1528 2652 fratrisque

1460 2658 1531 2696 [Ul
