<?xml version="1.0" encoding="UTF-8"?>
<!DOCTYPE html PUBLIC "-//W3C//DTD XHTML 1.0 Transitional//EN"
    "http://www.w3.org/TR/xhtml1/DTD/xhtml1-transitional.dtd">
<html xmlns="http://www.w3.org/1999/xhtml" xml:lang="en" lang="en">
 <head>
  <title>
</title>
<meta http-equiv="Content-Type" content="text/html;charset=utf-8" />
  <meta name='ocr-system' content='tesseract 3.04.00' />
  <meta name='ocr-capabilities' content='ocr_page ocr_carea ocr_par ocr_line ocrx_word'/>
</head>
<body>
  <div class='ocr_page' id='page_1' title='image "./fasticonsularesa00rela_0058.png"; bbox 0 0 1612 2970; ppageno 0'>
   <div class='ocr_carea' id='block_1_1' title="bbox 452 126 1254 188">
    <p class='ocr_par' dir='ltr' id='par_1_1' title="bbox 452 126 1254 188">
     <span class='ocr_line' id='line_1_1' title="bbox 452 126 1254 188; baseline -0.001 -1"><span class='ocrx_word' id='word_1_1' title='bbox 452 126 1254 188; x_wconf 61' lang='lat' dir='ltr'>PRAEFATIO.⁴</span> 
     </span>
    </p>
   </div>
   <div class='ocr_carea' id='block_1_2' title="bbox 194 263 1593 2653">
    <p class='ocr_par' dir='ltr' id='par_1_2' title="bbox 194 263 1528 728">
     <span class='ocr_line' id='line_1_2' title="bbox 196 263 1528 347; baseline -0.002 -22"><span class='ocrx_word' id='word_1_2' title='bbox 196 263 443 347; x_wconf 84' lang='lat' dir='ltr'>gomenis</span> <span class='ocrx_word' id='word_1_3' title='bbox 474 267 528 322; x_wconf 90' lang='lat' dir='ltr'>in</span> <span class='ocrx_word' id='word_1_4' title='bbox 566 265 817 327; x_wconf 84' lang='lat' dir='ltr'>Solinum</span> <span class='ocrx_word' id='word_1_5' title='bbox 852 263 1051 322; x_wconf 88' lang='lat' dir='ltr'>fatetur</span> <span class='ocrx_word' id='word_1_6' title='bbox 1077 265 1132 321; x_wconf 91' lang='lat' dir='ltr'>in</span> <span class='ocrx_word' id='word_1_7' title='bbox 1165 265 1416 324; x_wconf 88' lang='lat' dir='ltr'>omnibus</span> <span class='ocrx_word' id='word_1_8' title='bbox 1446 263 1528 322; x_wconf 79' lang='lat' dir='ltr'>fe-</span> 
     </span>
     <span class='ocr_line' id='line_1_3' title="bbox 194 341 1526 419; baseline -0.004 -17"><span class='ocrx_word' id='word_1_9' title='bbox 194 366 252 403; x_wconf 89' lang='lat' dir='ltr'>re</span> <span class='ocrx_word' id='word_1_10' title='bbox 284 348 422 419; x_wconf 88' lang='lat' dir='ltr'>quos</span> <span class='ocrx_word' id='word_1_11' title='bbox 462 343 608 401; x_wconf 89' lang='lat' dir='ltr'>vidit</span> <span class='ocrx_word' id='word_1_12' title='bbox 644 342 933 399; x_wconf 84' lang='lat' dir='ltr'>codicibus</span> <span class='ocrx_word' id='word_1_13' title='bbox 964 341 1342 418; x_wconf 81' lang='lat' dir='ltr'>manuscriptis</span> <span class='ocrx_word' id='word_1_14' title='bbox 1381 342 1526 401; x_wconf 77' lang='lat' dir='ltr'>Soli-</span> 
     </span>
     <span class='ocr_line' id='line_1_4' title="bbox 196 418 1527 498; baseline -0.002 -19"><span class='ocrx_word' id='word_1_15' title='bbox 196 423 258 479; x_wconf 90' lang='lat' dir='ltr'>ni</span> <span class='ocrx_word' id='word_1_16' title='bbox 289 422 400 498; x_wconf 88' lang='lat' dir='ltr'>legi</span> <span class='ocrx_word' id='word_1_17' title='bbox 426 461 443 488; x_wconf 86' lang='lat'>‚</span> <span class='ocrx_word' id='word_1_18' title='bbox 498 437 640 477; x_wconf 91' lang='lat' dir='ltr'>certe</span> <span class='ocrx_word' id='word_1_19' title='bbox 671 418 858 476; x_wconf 86' lang='lat' dir='ltr'>consul</span> <span class='ocrx_word' id='word_1_20' title='bbox 893 421 1180 476; x_wconf 85' lang='lat' dir='ltr'>Adventus</span> <span class='ocrx_word' id='word_1_21' title='bbox 1220 420 1311 477; x_wconf 89' lang='lat' dir='ltr'>hic</span> <span class='ocrx_word' id='word_1_22' title='bbox 1342 420 1527 478; x_wconf 88' lang='lat' dir='ltr'>locum</span> 
     </span>
     <span class='ocr_line' id='line_1_5' title="bbox 196 495 1526 573; baseline -0.002 -17"><span class='ocrx_word' id='word_1_23' title='bbox 196 499 395 558; x_wconf 86' lang='lat' dir='ltr'>habere</span> <span class='ocrx_word' id='word_1_24' title='bbox 425 516 530 554; x_wconf 87' lang='lat' dir='ltr'>non</span> <span class='ocrx_word' id='word_1_25' title='bbox 551 495 742 573; x_wconf 85' lang='lat' dir='ltr'>potest.</span> <span class='ocrx_word' id='word_1_26' title='bbox 790 497 1101 554; x_wconf 86' lang='lat' dir='ltr'>Hadrianus</span> <span class='ocrx_word' id='word_1_27' title='bbox 1129 495 1322 570; x_wconf 89' lang='lat' dir='ltr'>Junius</span> <span class='ocrx_word' id='word_1_28' title='bbox 1353 499 1409 568; x_wconf 84' lang='lat' dir='ltr'>in</span> <span class='ocrx_word' id='word_1_29' title='bbox 1429 498 1526 554; x_wconf 84' lang='lat' dir='ltr'>lib.</span> 
     </span>
     <span class='ocr_line' id='line_1_6' title="bbox 196 574 1527 635; baseline -0.003 -1"><span class='ocrx_word' id='word_1_30' title='bbox 196 578 268 634; x_wconf 92' lang='lat' dir='ltr'>de</span> <span class='ocrx_word' id='word_1_31' title='bbox 293 576 445 633; x_wconf 88' lang='lat' dir='ltr'>annis</span> <span class='ocrx_word' id='word_1_32' title='bbox 483 580 537 630; x_wconf 87' lang='lat'>&amp;</span> <span class='ocrx_word' id='word_1_33' title='bbox 569 574 841 630; x_wconf 76' lang='lat' dir='ltr'>mensibus</span> <span class='ocrx_word' id='word_1_34' title='bbox 878 576 1044 634; x_wconf 87' lang='lat' dir='ltr'>etiam</span> <span class='ocrx_word' id='word_1_35' title='bbox 1083 574 1527 635; x_wconf 80' lang='lat' dir='ltr'>notatSolinum</span> 
     </span>
     <span class='ocr_line' id='line_1_7' title="bbox 196 650 926 728; baseline -0.005 -18"><span class='ocrx_word' id='word_1_36' title='bbox 196 650 526 728; x_wconf 76' lang='lat' dir='ltr'>descripsisse</span> <span class='ocrx_word' id='word_1_37' title='bbox 555 652 926 707; x_wconf 86' lang='lat' dir='ltr'>Ammianum.</span> 
     </span>
    </p>

    <p class='ocr_par' dir='ltr' id='par_1_3' title="bbox 194 728 1593 2578">
     <span class='ocr_line' id='line_1_8' title="bbox 274 728 1532 806; baseline 0 -20"><span class='ocrx_word' id='word_1_38' title='bbox 274 730 539 786; x_wconf 91' lang='lat' dir='ltr'>Ceterum</span> <span class='ocrx_word' id='word_1_39' title='bbox 581 731 656 785; x_wconf 90' lang='lat' dir='ltr'>ita</span> <span class='ocrx_word' id='word_1_40' title='bbox 685 729 949 785; x_wconf 87' lang='lat' dir='ltr'>versatum</span> <span class='ocrx_word' id='word_1_41' title='bbox 991 728 1044 783; x_wconf 92' lang='lat' dir='ltr'>in</span> <span class='ocrx_word' id='word_1_42' title='bbox 1076 729 1182 784; x_wconf 93' lang='lat' dir='ltr'>hoc</span> <span class='ocrx_word' id='word_1_43' title='bbox 1208 744 1532 806; x_wconf 86' lang='lat' dir='ltr'>argumento</span> 
     </span>
     <span class='ocr_line' id='line_1_9' title="bbox 195 805 1532 882; baseline 0 -19"><span class='ocrx_word' id='word_1_44' title='bbox 195 805 423 874; x_wconf 33' lang='lat' dir='ltr'>fratrem,</span> <span class='ocrx_word' id='word_1_45' title='bbox 444 824 624 862; x_wconf 90' lang='lat' dir='ltr'>meum</span> <span class='ocrx_word' id='word_1_46' title='bbox 654 805 994 880; x_wconf 86' lang='lat' dir='ltr'>deprehendi</span> <span class='ocrx_word' id='word_1_47' title='bbox 1012 844 1029 871; x_wconf 93' lang='lat'>,</span> <span class='ocrx_word' id='word_1_48' title='bbox 1046 822 1108 862; x_wconf 88' lang='lat' dir='ltr'>ut</span> <span class='ocrx_word' id='word_1_49' title='bbox 1126 807 1353 863; x_wconf 88' lang='lat' dir='ltr'>minima</span> <span class='ocrx_word' id='word_1_50' title='bbox 1367 825 1532 882; x_wconf 90' lang='lat' dir='ltr'>quae-</span> 
     </span>
     <span class='ocr_line' id='line_1_10' title="bbox 196 882 1532 959; baseline 0.001 -20"><span class='ocrx_word' id='word_1_51' title='bbox 196 885 280 939; x_wconf 89' lang='lat' dir='ltr'>vis</span> <span class='ocrx_word' id='word_1_52' title='bbox 298 882 588 959; x_wconf 83' lang='lat' dir='ltr'>diligenter</span> <span class='ocrx_word' id='word_1_53' title='bbox 606 883 947 949; x_wconf 83' lang='lat' dir='ltr'>adnotando,</span> <span class='ocrx_word' id='word_1_54' title='bbox 973 886 1025 937; x_wconf 72' lang='grc' dir='ltr'>ὃ(</span> <span class='ocrx_word' id='word_1_55' title='bbox 1048 884 1214 950; x_wconf 85' lang='lat' dir='ltr'>leves,</span> <span class='ocrx_word' id='word_1_56' title='bbox 1231 883 1314 940; x_wconf 91' lang='lat' dir='ltr'>uti</span> <span class='ocrx_word' id='word_1_57' title='bbox 1338 885 1532 940; x_wconf 89' lang='lat' dir='ltr'>viden-</span> 
     </span>
     <span class='ocr_line' id='line_1_11' title="bbox 195 959 1535 1035; baseline -0.001 -19"><span class='ocrx_word' id='word_1_58' title='bbox 195 975 307 1028; x_wconf 87' lang='lat' dir='ltr'>tur,</span> <span class='ocrx_word' id='word_1_59' title='bbox 327 959 665 1017; x_wconf 77' lang='lat' dir='ltr'>differentias</span> <span class='ocrx_word' id='word_1_60' title='bbox 693 959 986 1034; x_wconf 86' lang='lat' dir='ltr'>scripturae</span> <span class='ocrx_word' id='word_1_61' title='bbox 1007 960 1062 1015; x_wconf 90' lang='lat' dir='ltr'>in</span> <span class='ocrx_word' id='word_1_62' title='bbox 1079 960 1390 1017; x_wconf 85' lang='lat' dir='ltr'>nominibus</span> <span class='ocrx_word' id='word_1_63' title='bbox 1408 979 1535 1035; x_wconf 91' lang='lat' dir='ltr'>pro-</span> 
     </span>
     <span class='ocr_line' id='line_1_12' title="bbox 194 1036 1537 1112; baseline 0.001 -19"><span class='ocrx_word' id='word_1_64' title='bbox 194 1039 329 1112; x_wconf 88' lang='lat' dir='ltr'>priis</span> <span class='ocrx_word' id='word_1_65' title='bbox 345 1036 628 1093; x_wconf 88' lang='lat' dir='ltr'>consulum</span> <span class='ocrx_word' id='word_1_66' title='bbox 645 1037 697 1099; x_wconf 88' lang='lat'>&amp;</span> <span class='ocrx_word' id='word_1_67' title='bbox 715 1037 947 1094; x_wconf 90' lang='lat' dir='ltr'>numeris</span> <span class='ocrx_word' id='word_1_68' title='bbox 966 1037 1372 1104; x_wconf 78' lang='lat' dir='ltr'>consulatuum,</span> <span class='ocrx_word' id='word_1_69' title='bbox 1387 1037 1537 1094; x_wconf 86' lang='lat' dir='ltr'>haud</span> 
     </span>
     <span class='ocr_line' id='line_1_13' title="bbox 195 1113 1536 1188; baseline 0.003 -18"><span class='ocrx_word' id='word_1_70' title='bbox 195 1115 498 1187; x_wconf 83' lang='lat' dir='ltr'>placiturus</span> <span class='ocrx_word' id='word_1_71' title='bbox 566 1113 630 1170; x_wconf 85' lang='lat' dir='ltr'>fit</span> <span class='ocrx_word' id='word_1_72' title='bbox 688 1114 910 1170; x_wconf 85' lang='lat' dir='ltr'>cuidam</span> <span class='ocrx_word' id='word_1_73' title='bbox 964 1113 1252 1172; x_wconf 89' lang='lat' dir='ltr'>hominum</span> <span class='ocrx_word' id='word_1_74' title='bbox 1307 1115 1494 1188; x_wconf 82' lang='lat' dir='ltr'>generi</span> <span class='ocrx_word' id='word_1_75' title='bbox 1520 1153 1536 1178; x_wconf 85' lang='lat'><strong>‚</strong></span> 
     </span>
     <span class='ocr_line' id='line_1_14' title="bbox 196 1191 1536 1267; baseline -0.001 -20"><span class='ocrx_word' id='word_1_76' title='bbox 196 1193 357 1267; x_wconf 82' lang='lat' dir='ltr'>quod</span> <span class='ocrx_word' id='word_1_77' title='bbox 390 1192 619 1248; x_wconf 87' lang='lat' dir='ltr'>Criticis</span> <span class='ocrx_word' id='word_1_78' title='bbox 661 1191 950 1248; x_wconf 88' lang='lat' dir='ltr'>inimicum</span> <span class='ocrx_word' id='word_1_79' title='bbox 997 1191 1130 1247; x_wconf 88' lang='lat' dir='ltr'>haec</span> <span class='ocrx_word' id='word_1_80' title='bbox 1159 1191 1377 1252; x_wconf 85' lang='lat' dir='ltr'>inutilia</span> <span class='ocrx_word' id='word_1_81' title='bbox 1418 1191 1536 1265; x_wconf 87' lang='lat' dir='ltr'>pla-</span> 
     </span>
     <span class='ocr_line' id='line_1_15' title="bbox 195 1266 1535 1325; baseline -0.001 -2"><span class='ocrx_word' id='word_1_82' title='bbox 195 1287 263 1323; x_wconf 92' lang='lat' dir='ltr'>ne</span> <span class='ocrx_word' id='word_1_83' title='bbox 288 1272 341 1323; x_wconf 88' lang='lat'>&amp;</span> <span class='ocrx_word' id='word_1_84' title='bbox 374 1268 574 1325; x_wconf 89' lang='lat' dir='ltr'>nullius</span> <span class='ocrx_word' id='word_1_85' title='bbox 603 1269 868 1323; x_wconf 87' lang='lat' dir='ltr'>momenti</span> <span class='ocrx_word' id='word_1_86' title='bbox 904 1266 1011 1324; x_wconf 85' lang='lat' dir='ltr'>esse</span> <span class='ocrx_word' id='word_1_87' title='bbox 1050 1267 1340 1324; x_wconf 84' lang='lat' dir='ltr'>existimat.</span> <span class='ocrx_word' id='word_1_88' title='bbox 1418 1266 1535 1323; x_wconf 90' lang='lat' dir='ltr'>Mi-</span> 
     </span>
     <span class='ocr_line' id='line_1_16' title="bbox 195 1343 1536 1422; baseline 0 -21"><span class='ocrx_word' id='word_1_89' title='bbox 195 1345 258 1401; x_wconf 89' lang='lat' dir='ltr'>hi</span> <span class='ocrx_word' id='word_1_90' title='bbox 290 1345 497 1420; x_wconf 90' lang='lat' dir='ltr'>semper</span> <span class='ocrx_word' id='word_1_91' title='bbox 523 1346 789 1400; x_wconf 88' lang='lat' dir='ltr'>contraria</span> <span class='ocrx_word' id='word_1_92' title='bbox 815 1343 1076 1399; x_wconf 87' lang='lat' dir='ltr'>sententia</span> <span class='ocrx_word' id='word_1_93' title='bbox 1093 1345 1303 1422; x_wconf 86' lang='lat' dir='ltr'>placuit</span> <span class='ocrx_word' id='word_1_94' title='bbox 1323 1382 1342 1410; x_wconf 86' lang='lat'>‚</span> <span class='ocrx_word' id='word_1_95' title='bbox 1384 1348 1441 1400; x_wconf 89' lang='lat'>&amp;</span> <span class='ocrx_word' id='word_1_96' title='bbox 1467 1345 1536 1401; x_wconf 88' lang='lat' dir='ltr'>ab</span> 
     </span>
     <span class='ocr_line' id='line_1_17' title="bbox 196 1419 1538 1478; baseline 0 0"><span class='ocrx_word' id='word_1_97' title='bbox 196 1422 419 1478; x_wconf 89' lang='lat' dir='ltr'>ineunte</span> <span class='ocrx_word' id='word_1_98' title='bbox 458 1435 632 1477; x_wconf 87' lang='lat' dir='ltr'>aetate</span> <span class='ocrx_word' id='word_1_99' title='bbox 656 1440 687 1476; x_wconf 93' lang='lat' dir='ltr'>a</span> <span class='ocrx_word' id='word_1_100' title='bbox 717 1419 838 1475; x_wconf 88' lang='lat' dir='ltr'>viro</span> <span class='ocrx_word' id='word_1_101' title='bbox 878 1420 1049 1477; x_wconf 63' lang='lat' dir='ltr'>doeio</span> <span class='ocrx_word' id='word_1_102' title='bbox 1076 1421 1320 1477; x_wconf 86' lang='lat' dir='ltr'>monitus</span> <span class='ocrx_word' id='word_1_103' title='bbox 1364 1420 1538 1478; x_wconf 81' lang='lat' dir='ltr'>Clau-</span> 
     </span>
     <span class='ocr_line' id='line_1_18' title="bbox 196 1494 1593 1562; baseline 0 -7"><span class='ocrx_word' id='word_1_104' title='bbox 196 1498 350 1556; x_wconf 86' lang='lat' dir='ltr'>dium</span> <span class='ocrx_word' id='word_1_105' title='bbox 383 1494 698 1562; x_wconf 85' lang='lat' dir='ltr'>Salmafium</span> <span class='ocrx_word' id='word_1_106' title='bbox 738 1496 1077 1560; x_wconf 86' lang='lat' dir='ltr'>consuevisse</span> <span class='ocrx_word' id='word_1_107' title='bbox 1106 1499 1163 1553; x_wconf 89' lang='lat' dir='ltr'>in</span> <span class='ocrx_word' id='word_1_108' title='bbox 1191 1497 1539 1556; x_wconf 86' lang='lat' dir='ltr'>conferendis</span> <span class='ocrx_word' id='word_1_109' title='bbox 1591 1547 1593 1549; x_wconf 90' lang='lat'>.</span> 
     </span>
     <span class='ocr_line' id='line_1_19' title="bbox 198 1572 1541 1646; baseline 0.001 -16"><span class='ocrx_word' id='word_1_110' title='bbox 198 1576 488 1631; x_wconf 87' lang='lat' dir='ltr'>codicibus</span> <span class='ocrx_word' id='word_1_111' title='bbox 516 1572 894 1646; x_wconf 85' lang='lat' dir='ltr'>manuscriptis</span> <span class='ocrx_word' id='word_1_112' title='bbox 939 1577 995 1628; x_wconf 71' lang='lat'>8&lt;</span> <span class='ocrx_word' id='word_1_113' title='bbox 1022 1574 1182 1629; x_wconf 88' lang='lat' dir='ltr'>variis</span> <span class='ocrx_word' id='word_1_114' title='bbox 1210 1573 1541 1632; x_wconf 67' lang='lat' dir='ltr'>letstionibus</span> 
     </span>
     <span class='ocr_line' id='line_1_20' title="bbox 198 1649 1541 1725; baseline 0.001 -18"><span class='ocrx_word' id='word_1_115' title='bbox 198 1650 539 1709; x_wconf 83' lang='lat' dir='ltr'>adnotandis,</span> <span class='ocrx_word' id='word_1_116' title='bbox 570 1649 710 1705; x_wconf 89' lang='lat' dir='ltr'>nihil</span> <span class='ocrx_word' id='word_1_117' title='bbox 754 1649 1033 1725; x_wconf 83' lang='lat' dir='ltr'>negligere</span> <span class='ocrx_word' id='word_1_118' title='bbox 1075 1653 1129 1706; x_wconf 68' lang='grc' dir='ltr'>ὃς</span> <span class='ocrx_word' id='word_1_119' title='bbox 1171 1649 1243 1706; x_wconf 89' lang='lat' dir='ltr'>ad</span> <span class='ocrx_word' id='word_1_120' title='bbox 1282 1651 1541 1710; x_wconf 83' lang='lat' dir='ltr'>minimos</span> 
     </span>
     <span class='ocr_line' id='line_1_21' title="bbox 199 1725 1539 1802; baseline 0.002 -19"><span class='ocrx_word' id='word_1_121' title='bbox 199 1728 381 1802; x_wconf 88' lang='lat' dir='ltr'>apices</span> <span class='ocrx_word' id='word_1_122' title='bbox 410 1728 679 1783; x_wconf 87' lang='lat' dir='ltr'>variantes</span> <span class='ocrx_word' id='word_1_123' title='bbox 706 1725 986 1781; x_wconf 88' lang='lat' dir='ltr'>attendere</span> <span class='ocrx_word' id='word_1_124' title='bbox 1004 1765 1024 1792; x_wconf 87' lang='lat'>,</span> <span class='ocrx_word' id='word_1_125' title='bbox 1062 1725 1268 1783; x_wconf 86' lang='lat' dir='ltr'>etiamsi</span> <span class='ocrx_word' id='word_1_126' title='bbox 1287 1728 1539 1786; x_wconf 89' lang='lat' dir='ltr'>videren-</span> 
     </span>
     <span class='ocr_line' id='line_1_22' title="bbox 200 1802 1539 1880; baseline 0.002 -20"><span class='ocrx_word' id='word_1_127' title='bbox 200 1820 287 1860; x_wconf 92' lang='lat' dir='ltr'>tur</span> <span class='ocrx_word' id='word_1_128' title='bbox 314 1803 419 1860; x_wconf 83' lang='lat' dir='ltr'>effe</span> <span class='ocrx_word' id='word_1_129' title='bbox 450 1802 729 1877; x_wconf 87' lang='lat' dir='ltr'>corrupti,</span> <span class='ocrx_word' id='word_1_130' title='bbox 774 1803 826 1859; x_wconf 89' lang='lat'>&amp;</span> <span class='ocrx_word' id='word_1_131' title='bbox 857 1815 1036 1859; x_wconf 87' lang='lat' dir='ltr'>revera</span> <span class='ocrx_word' id='word_1_132' title='bbox 1068 1804 1315 1880; x_wconf 90' lang='lat' dir='ltr'>corrupti</span> <span class='ocrx_word' id='word_1_133' title='bbox 1350 1804 1539 1875; x_wconf 78' lang='lat' dir='ltr'>essent,</span> 
     </span>
     <span class='ocr_line' id='line_1_23' title="bbox 203 1877 1540 1956; baseline 0.001 -20"><span class='ocrx_word' id='word_1_134' title='bbox 203 1881 498 1956; x_wconf 82' lang='lat' dir='ltr'>(quoniam</span> <span class='ocrx_word' id='word_1_135' title='bbox 540 1877 761 1935; x_wconf 87' lang='lat' dir='ltr'>forfitan</span> <span class='ocrx_word' id='word_1_136' title='bbox 792 1898 862 1935; x_wconf 81' lang='lat' dir='ltr'>ex</span> <span class='ocrx_word' id='word_1_137' title='bbox 893 1879 1188 1937; x_wconf 86' lang='lat' dir='ltr'>collatione</span> <span class='ocrx_word' id='word_1_138' title='bbox 1216 1880 1446 1939; x_wconf 88' lang='lat' dir='ltr'>aliorum</span> <span class='ocrx_word' id='word_1_139' title='bbox 1474 1884 1540 1939; x_wconf 73' lang='lat' dir='ltr'>li-</span> 
     </span>
     <span class='ocr_line' id='line_1_24' title="bbox 202 1954 1540 2035; baseline -0.001 -21"><span class='ocrx_word' id='word_1_140' title='bbox 202 1957 423 2014; x_wconf 87' lang='lat' dir='ltr'>brorum</span> <span class='ocrx_word' id='word_1_141' title='bbox 452 1976 575 2014; x_wconf 89' lang='lat' dir='ltr'>vera</span> <span class='ocrx_word' id='word_1_142' title='bbox 602 1955 770 2012; x_wconf 71' lang='lat' dir='ltr'>lestio</span> <span class='ocrx_word' id='word_1_143' title='bbox 797 1954 982 2031; x_wconf 89' lang='lat' dir='ltr'>postea</span> <span class='ocrx_word' id='word_1_144' title='bbox 1013 1958 1204 2016; x_wconf 90' lang='lat' dir='ltr'>melius</span> <span class='ocrx_word' id='word_1_145' title='bbox 1234 1958 1540 2035; x_wconf 67' lang='lat' dir='ltr'>deprehen„</span> 
     </span>
     <span class='ocr_line' id='line_1_25' title="bbox 204 2032 1540 2111; baseline 0.002 -19"><span class='ocrx_word' id='word_1_146' title='bbox 204 2035 266 2093; x_wconf 92' lang='lat' dir='ltr'>di</span> <span class='ocrx_word' id='word_1_147' title='bbox 309 2033 484 2110; x_wconf 88' lang='lat' dir='ltr'>posset</span> <span class='ocrx_word' id='word_1_148' title='bbox 512 2073 529 2100; x_wconf 88' lang='lat'><em>‚</em></span> <span class='ocrx_word' id='word_1_149' title='bbox 583 2032 653 2090; x_wconf 91' lang='lat' dir='ltr'>ad</span> <span class='ocrx_word' id='word_1_150' title='bbox 693 2050 860 2109; x_wconf 86' lang='lat' dir='ltr'>quam</span> <span class='ocrx_word' id='word_1_151' title='bbox 912 2033 1005 2090; x_wconf 86' lang='lat' dir='ltr'>illa</span> <span class='ocrx_word' id='word_1_152' title='bbox 1047 2034 1238 2092; x_wconf 89' lang='lat' dir='ltr'>vitiosa</span> <span class='ocrx_word' id='word_1_153' title='bbox 1275 2035 1540 2111; x_wconf 90' lang='lat' dir='ltr'>scriptura</span> 
     </span>
     <span class='ocr_line' id='line_1_26' title="bbox 206 2110 1539 2188; baseline 0.003 -20"><span class='ocrx_word' id='word_1_154' title='bbox 206 2113 437 2188; x_wconf 89' lang='lat' dir='ltr'>propius</span> <span class='ocrx_word' id='word_1_155' title='bbox 465 2110 748 2167; x_wconf 88' lang='lat' dir='ltr'>accederet</span> <span class='ocrx_word' id='word_1_156' title='bbox 774 2131 939 2187; x_wconf 88' lang='lat' dir='ltr'>quar-n</span> <span class='ocrx_word' id='word_1_157' title='bbox 971 2112 1074 2168; x_wconf 88' lang='lat' dir='ltr'>alia</span> <span class='ocrx_word' id='word_1_158' title='bbox 1103 2128 1316 2185; x_wconf 86' lang='lat' dir='ltr'>recepta</span> <span class='ocrx_word' id='word_1_159' title='bbox 1347 2116 1539 2172; x_wconf 86' lang='lat' dir='ltr'>&amp;vul-</span> 
     </span>
     <span class='ocr_line' id='line_1_27' title="bbox 207 2183 1540 2265; baseline 0.002 -19"><span class='ocrx_word' id='word_1_160' title='bbox 207 2205 332 2265; x_wconf 83' lang='lat' dir='ltr'>gata</span> <span class='ocrx_word' id='word_1_161' title='bbox 375 2188 629 2246; x_wconf 63' lang='lat' dir='ltr'>haetenus</span> <span class='ocrx_word' id='word_1_162' title='bbox 656 2183 690 2260; x_wconf 66' lang='lat' dir='ltr'>J</span> <span class='ocrx_word' id='word_1_163' title='bbox 733 2187 840 2244; x_wconf 93' lang='lat' dir='ltr'>hoc</span> <span class='ocrx_word' id='word_1_164' title='bbox 867 2190 1181 2262; x_wconf 83' lang='lat' dir='ltr'>exemplum</span> <span class='ocrx_word' id='word_1_165' title='bbox 1214 2190 1370 2264; x_wconf 89' lang='lat' dir='ltr'>sequi</span> <span class='ocrx_word' id='word_1_166' title='bbox 1396 2192 1454 2248; x_wconf 91' lang='lat' dir='ltr'>in</span> <span class='ocrx_word' id='word_1_167' title='bbox 1485 2212 1540 2247; x_wconf 91' lang='lat' dir='ltr'>a-</span> 
     </span>
     <span class='ocr_line' id='line_1_28' title="bbox 209 2265 1541 2343; baseline 0.002 -21"><span class='ocrx_word' id='word_1_168' title='bbox 209 2268 420 2322; x_wconf 88' lang='lat' dir='ltr'>nimum</span> <span class='ocrx_word' id='word_1_169' title='bbox 461 2265 671 2322; x_wconf 82' lang='lat' dir='ltr'>induxi.</span> <span class='ocrx_word' id='word_1_170' title='bbox 755 2266 993 2322; x_wconf 88' lang='lat' dir='ltr'>Memini</span> <span class='ocrx_word' id='word_1_171' title='bbox 1020 2270 1073 2321; x_wconf 86' lang='lat'>&amp;</span> <span class='ocrx_word' id='word_1_172' title='bbox 1105 2267 1207 2324; x_wconf 92' lang='lat' dir='ltr'>hac</span> <span class='ocrx_word' id='word_1_173' title='bbox 1248 2267 1363 2343; x_wconf 90' lang='lat' dir='ltr'>ipsa</span> <span class='ocrx_word' id='word_1_174' title='bbox 1387 2268 1458 2325; x_wconf 89' lang='lat' dir='ltr'>de</span> <span class='ocrx_word' id='word_1_175' title='bbox 1485 2288 1541 2326; x_wconf 86' lang='lat' dir='ltr'>re</span> 
     </span>
     <span class='ocr_line' id='line_1_29' title="bbox 208 2341 1541 2417; baseline 0.002 -17"><span class='ocrx_word' id='word_1_176' title='bbox 208 2343 345 2400; x_wconf 88' lang='lat' dir='ltr'>mihi</span> <span class='ocrx_word' id='word_1_177' title='bbox 365 2342 521 2417; x_wconf 84' lang='lat' dir='ltr'>saepe</span> <span class='ocrx_word' id='word_1_178' title='bbox 546 2341 844 2399; x_wconf 87' lang='lat' dir='ltr'>sermonem</span> <span class='ocrx_word' id='word_1_179' title='bbox 862 2341 1016 2399; x_wconf 74' lang='lat' dir='ltr'>fuifl‘e</span> <span class='ocrx_word' id='word_1_180' title='bbox 1044 2363 1169 2401; x_wconf 89' lang='lat' dir='ltr'>cum</span> <span class='ocrx_word' id='word_1_181' title='bbox 1200 2342 1362 2402; x_wconf 85' lang='lat' dir='ltr'>fratre</span> <span class='ocrx_word' id='word_1_182' title='bbox 1393 2364 1541 2413; x_wconf 80' lang='lat' dir='ltr'>mee,</span> 
     </span>
     <span class='ocr_line' id='line_1_30' title="bbox 210 2420 1541 2497; baseline 0.001 -20"><span class='ocrx_word' id='word_1_183' title='bbox 210 2421 309 2497; x_wconf 81' lang='lat' dir='ltr'>qui</span> <span class='ocrx_word' id='word_1_184' title='bbox 339 2420 531 2477; x_wconf 87' lang='lat' dir='ltr'>eadem</span> <span class='ocrx_word' id='word_1_185' title='bbox 568 2421 822 2483; x_wconf 89' lang='lat' dir='ltr'>incedens</span> <span class='ocrx_word' id='word_1_186' title='bbox 853 2422 940 2475; x_wconf 85' lang='lat' dir='ltr'>via</span> <span class='ocrx_word' id='word_1_187' title='bbox 968 2420 1216 2478; x_wconf 81' lang='lat' dir='ltr'>sollicite</span> <span class='ocrx_word' id='word_1_188' title='bbox 1255 2420 1541 2478; x_wconf 87' lang='lat' dir='ltr'>adnotavit</span> 
     </span>
     <span class='ocr_line' id='line_1_31' title="bbox 209 2496 1540 2578; baseline -0.004 -18"><span class='ocrx_word' id='word_1_189' title='bbox 209 2517 376 2560; x_wconf 81' lang='lat' dir='ltr'>voces</span> <span class='ocrx_word' id='word_1_190' title='bbox 407 2516 548 2578; x_wconf 87' lang='lat' dir='ltr'>quae</span> <span class='ocrx_word' id='word_1_191' title='bbox 575 2496 662 2556; x_wconf 85' lang='lat' dir='ltr'>vel</span> <span class='ocrx_word' id='word_1_192' title='bbox 690 2516 794 2555; x_wconf 88' lang='lat' dir='ltr'>una</span> <span class='ocrx_word' id='word_1_193' title='bbox 823 2497 979 2557; x_wconf 88' lang='lat' dir='ltr'>litera</span> <span class='ocrx_word' id='word_1_194' title='bbox 1008 2498 1304 2558; x_wconf 83' lang='lat' dir='ltr'>differrent.</span> <span class='ocrx_word' id='word_1_195' title='bbox 1344 2500 1540 2572; x_wconf 85' lang='lat' dir='ltr'>Quid?</span> 
     </span>
    </p>

    <p class='ocr_par' dir='ltr' id='par_1_4' title="bbox 1387 2577 1544 2653">
     <span class='ocr_line' id='line_1_32' title="bbox 1387 2577 1544 2653; baseline 0.006 -21"><span class='ocrx_word' id='word_1_196' title='bbox 1387 2577 1544 2653; x_wconf 90' lang='lat' dir='ltr'>quod</span> 
     </span>
    </p>
   </div>
  </div>
 </body>
</html>
