1612 2970
50 219 82 262 χ
112 215 220 261 mo
237 196 391 268 hanc
417 192 693 263 sarcinam
719 197 997 273 deponit,
1041 200 1099 261 δε
1127 201 1461 270 laxatuscu-

97 290 292 364 ⁴ssodia
318 288 612 364 corporis,
644 291 809 366 quod
835 291 1084 353 invitum
1127 310 1312 358 terrae
1339 301 1461 362 affi-

17 379 28 412 ’·
107 383 195 445 xit
216 382 311 453 ,in
339 380 583 442 sublime
606 379 824 447 fertur,
840 397 906 443 ut
922 403 1058 445 cum
1075 386 1306 451 Christo
1330 392 1458 455 bea-

105 488 205 536 tus
229 494 374 538 aevo
400 472 753 550 sempiterno
778 473 1019 536 fruatur.
1066 478 1237 558 Quae
1266 502 1453 561 quum

101 569 185 630 ita
236 567 295 628 se
333 565 580 627 habeant
622 607 640 634 ‚
706 585 826 626 non
877 567 958 628 est
1013 588 1118 629 cur
1187 574 1454 639 dubitem

93 653 252 739 ‘quin
277 671 397 719 tuo
418 656 645 717 nomini
675 657 907 718 inscribi
933 659 1139 720 lubens
1165 660 1279 721 hoc
1307 685 1455 743 opus

99 751 477 831 posthumum
506 749 671 810 feras,
737 749 919 828 Quod
950 751 1169 811 etiamsi
1196 773 1315 815 non
1333 772 1454 821 tam

99 843 260 904 atsto
299 863 457 905 nexu
494 858 553 904 te
587 844 762 903 frater
802 863 967 904 meus
998 846 1307 924 attigisset,
1348 855 1454 929 qui

98 949 162 997 te
187 938 542 1002 avunculum
588 939 974 1020 nuncupavit,
1016 958 1126 998 nec
1157 941 1452 1004 interioris

96 1029 386 1091 amicitiae
412 1032 649 1091 vinculo
679 1029 786 1089 tibi
826 1027 1057 1105 junctus
1085 1030 1312 1102 fuisset,
1357 1052 1452 1094 ae-

94 1137 285 1200 quum
303 1136 426 1182 erat
468 1124 582 1184 hoc
626 1123 685 1181 in
720 1138 827 1181 tuo
875 1123 1116 1183 nomine
1143 1145 1450 1205 apparere,

94 1211 355 1286 quinon
400 1212 624 1273 civibus
661 1216 844 1282 modo
882 1216 996 1275 tuis
1044 1217 1238 1279 lucem
1288 1221 1450 1298 inge-

91 1301 180 1364 nii
219 1299 282 1358 &
321 1304 543 1365 confilii
586 1307 674 1365 tui
713 1307 959 1386 porrigis
990 1346 1008 1375 ‚
1047 1311 1146 1369 sed
1182 1313 1450 1375 universo

92 1392 318 1471 populo
366 1394 760 1467 Batavorum5
815 1397 889 1454 fic
932 1415 997 1458 ut
1032 1420 1292 1470 amorem
1338 1405 1446 1466 tibi

93 1487 364 1550 omnium
412 1487 472 1546 &
508 1485 992 1549 existimationem
1042 1492 1441 1555 conciliaveris

92 1580 200 1660 qui
249 1577 398 1640 hanc
439 1598 564 1638 rem
610 1578 903 1656 publicam
944 1579 1336 1643 conservatam
1379 1590 1441 1646 δε

89 1670 318 1735 αυᾶαιῃ
360 1673 625 1751 cupiunt.
710 1673 892 1751 Quod
943 1690 1121 1749 porro
1153 1711 1171 1740 ,
1227 1674 1266 1733 fi
1313 1682 1445 1756 quis

90 1768 269 1835 aliuS,
305 1766 450 1843 juris
480 1764 756 1844 &legum
790 1765 1142 1843 disciplinam
1172 1766 1232 1827 δε
1263 1769 1443 1834 bonas

88 1846 262 1923 artes'
286 1857 598 1936 literasque
639 1877 795 1930 ames
832 1874 1011 1938 atque
1055 1878 1437 1937 promovea3‚

88 1949 150 2008 δε
186 1951 253 2030 (fi
286 1953 360 2010 de
389 1970 486 2010 me
515 1950 639 2028 ipso
680 1952 935 2031 denique
978 1953 1093 2014 hoc
1134 1957 1346 2017 addere
1376 1960 1439 2020 li·

86 2043 254 2120 ceat)
282 2046 446 2122 quod
471 2053 699 2104 tantum
722 2063 856 2123 erga
876 2065 972 2106 me
1000 2046 1441 2113 benevoientiae

0 2139 3 2142 ’
85 2135 356 2197 conferre
382 2137 556 2197 soleas
583 2155 648 2197 ac
678 2137 717 2197 fi
736 2138 852 2216 ipse
876 2141 937 2200 in
963 2140 1236 2205 familiam
1275 2161 1440 2224 tuam⁴

82 2230 330 2291 insertus
367 2230 540 2291 effen]
568 2267 586 2297 ‚
635 2231 775 2291 haec
821 2253 1064 2312 quoque
1106 2236 1329 2298 faciunt
1370 2254 1438 2299 ut

83 2321 318 2381 summo
350 2325 484 2399 jure
518 2322 632 2381 hoc
665 2323 842 2384 animi
885 2327 1003 2386 mei
1044 2328 1252 2407 pignus
1281 2332 1351 2389 ad
1378 2346 1442 2390 te

85 2415 490 2475 transmittam.
548 2415 690 2476 Hoc
719 2436 864 2496 ergo
895 2418 1123 2491 fruere,
1168 2424 1310 2483 dum
1338 2424 1441 2483 illo

75 2502 203 2566 <frui
220 2506 460 2568 ulterius
487 2527 606 2571 non
622 2512 792 2572 datur
810 2513 914 2591 qui
936 2512 1155 2576 incerta
1182 2536 1246 2578 ac
1264 2519 1439 2595 trepi-

56 2613 60 2620 '
212 2629 214 2632 ·
1367 2611 1438 2669 da
