1546 2912
145 135 261 197 752
423 83 606 193 *PR
649 111 881 173 AEF
919 113 977 172 'A
1018 107 1147 201 ‘151
1187 110 1270 170 o⁴

146 251 246 314 tris
286 253 429 320 mei,
470 251 573 328 qui
617 248 803 325 &ipsi
842 269 910 307 ex
950 248 1150 306 codice
1189 245 1495 322 Imperato·
1539 233 1546 319 Ἀ

147 363 268 405 rum
290 342 600 425 Theodosii
631 347 687 399 δε
704 340 1000 417 Iustiniani
1015 342 1297 416 depromti
1310 355 1461 399 erant
1476 378 1497 407 ,

146 438 454 495 ederentur.
541 435 670 492 Nec
700 436 837 494 alios
880 433 987 492 effe
1032 434 1172 491 mihi
1210 433 1501 512 persuade-

149 530 276 586 bam
316 548 456 605 quos
487 529 572 586 vir
608 528 880 594 eximiuS,
912 527 1190 586 Henricus
1232 526 1502 586 Dodwel-

150 620 237 677 lus
252 660 271 689 ‚
288 621 342 678 in
362 620 670 697 appendice
696 623 767 678 ad
790 618 1189 684 dissertationes
1206 619 1503 698 Cypriani-

155 734 245 772 cas
287 715 570 783 ediderat3
611 713 875 790 quoniam
916 713 1000 769 uti
1045 710 1370 769 Holstenius
1408 730 1505 769 eos

155 807 376 864 initium
394 826 592 883 capere
613 806 682 863 ab
714 805 950 881 imperio
973 804 1250 862 Antonini
1277 819 1503 861 notave·

159 915 241 958 rat
260 941 277 969 ‚
317 900 542 977 utrique
568 898 729 965 fasti,
769 899 822 955 &
851 915 994 974 quos
1021 896 1350 954 Theonis&
1367 913 1509 971 quos

159 992 523 1050 Heraclianos
565 1007 730 1048 vocat
760 1028 779 1058 ,
817 991 886 1047 ab
915 989 1189 1046 Antonini
1228 985 1509 1042 consulatu

162 1084 507 1143 inchoantur.
543 1082 1048 1159 Praeterea,quum
1079 1082 1413 1140 Dodwellus
1437 1096 1510 1136 ex

78 1238 83 1243 ,
159 1178 503 1254 apographis
535 1175 815 1235 Saviliano
846 1181 901 1234 δε
940 1175 1206 1234 Vossiano
1228 1174 1396 1235 fastos
1412 1176 1511 1233 dee

159 1267 442 1344 scripserat
468 1313 483 1332 ‚
516 1324 521 1332 f
558 1269 842 1343 probabile
888 1269 1039 1326 mihi
1083 1270 1372 1328 videbatur
1413 1271 1512 1329 illa

163 1362 486 1438 apographa
529 1362 823 1420 codicibus
862 1361 1250 1421 bibliothecae·
1279 1364 1514 1423 Floren-

96 1449 98 1451 ’
160 1456 310 1513 tinae
337 1469 520 1511 ortum
565 1453 720 1511 suum
766 1455 980 1514 debere.
1063 1458 1292 1534 Rogavi
1319 1459 1512 1536 itaque

163 1564 264 1624 per
292 1546 473 1605 literas
511 1548 692 1606 virum
723 1546 1168 1607 humaniffimum
1203 1550 1512 1609 Antonium

165 1639 680 1718 Magliabecchium
702 1680 731 1708 „
788 1643 1020 1719 quicum
1049 1640 1194 1698 mihi
1224 1658 1338 1700 erat
1374 1643 1513 1700 ami-

167 1737 334 1798 citia,
376 1748 588 1792 curaret
624 1734 768 1790 mihi
796 1731 1031 1791 describi
1076 1731 1244 1789 fastos
1285 1731 1411 1790 illos
1452 1734 1513 1792 in

167 1828 504 1886 bibliotheca
557 1826 919 1885 Laurentiana
979 1822 1207 1881 latentes
1239 1846 1252 1880 ε
1319 1843 1512 1882 verum

169 1924 306 1982 dum
346 1923 563 1998 aliquot
598 1919 855 1977 mensium
897 1919 1187 1976 intervallo
1212 1917 1407 1975 frustra
1431 1939 1513 1976 re-

172 2015 425 2090 sponsum
445 2012 725 2070 Florentia
739 2009 1282 2086 exspe&0,nuncius
1308 2010 1381 2068 ad
1414 2027 1512 2066 nos

167 2106 413 2165 *defertur
442 2104 513 2162 de
542 2104 699 2162 obitu
730 2104 833 2159 viri
862 2121 1030 2179 quern
1073 2123 1154 2162 res
1192 2103 1418 2180 publica
1445 2102 1513 2160 li-

169 2217 406 2260 terarum
426 2239 442 2266 ‚
471 2198 564 2255 cui
607 2196 840 2254 multum
889 2195 1108 2273 profuit
1133 2241 1158 2264 2
1184 2195 1513 2254 exstinetum

170 2297 341 2377 luget.
384 2294 631 2368 Imploro
659 2292 910 2367 protinus
939 2308 1102 2365 opem
1133 2289 1367 2347 Antonii
1386 2289 1514 2347 Ma-

173 2391 283 2449 riae
312 2385 579 2453 Salvinii,
619 2384 833 2460 publici
875 2383 1206 2442 Graecarum
1236 2383 1512 2442 literarum

173 2479 489 2538 Florentiae
507 2474 829 2563 Erofefforis
845 2513 862 2544 ,
880 2479 1033 2553 cujus
1050 2476 1292 2536 eruditio
1309 2475 1392 2535 uti
1411 2494 1514 2550 pu·
1541 2467 1543 2475 ⁴

1351 2566 1515 2627 blicis
