1676 3034
10 74 54 94 ι’(

57 212 402 306 literarfie
427 234 607 300 quam
650 218 808 281 utilis
848 219 962 280 effe
1005 222 1305 300 potuerit,
1348 223 1464 284 hoe

112 315 300 397 ipffin
325 312 626 376 Fastorum
645 318 922 380 volumen
939 316 1226 387 ostendit;
1249 339 1324 379 ex
1340 339 1466 397 quo

108 409 193 479 d
224 409 387 486 leges
426 409 667 487 quidem
706 409 1002 470 Romanas
1043 412 1462 489 praecipuum,

10 550 16 555 .
109 514 316 562 verum
337 501 398 562 &
418 504 489 560 ad
518 518 696 560 omne
725 501 868 560 illud
896 502 1463 580 quadringentorum

110 593 401 658 §unorum
429 596 674 678 spatium
695 639 712 666 ‚
747 614 1005 675 quorum
1043 599 1325 657 memoria
1352 599 1467 659 hoc-

111 690 568 767 libro'colligata
609 687 689 747 est
715 723 731 755 -‚
773 682 1243 755 emolumentum
1282 691 1468 749 dima-

113 798 232 847 nat.
308 782 493 843 Hunc
535 779 846 843 industriae
886 780 1018 839 suae
1058 779 1288 840 foetum
1333 795 1468 841 ante

113 875 259 941 alios
280 874 402 936 luci
434 890 730 951 exponere
760 871 1071 968 statuerab
1111 872 1208 931 &'
1193 894 1254 933 1n
1284 893 1357 934 eo
1374 896 1468 935 or-

111 971 309 1036 nando
336 968 775 1046 occupabatur,
794 981 910 1026 tam
944 982 1231 1030 contento
1247 966 1469 1038 studio,

113 1065 291 1124 etiem
341 1062 647 1142 postquam
709 1059 921 1120 morbo
976 1076 1100 1120 enat
1160 1063 1471 1124 mortifero

112 1153 351 1222 &festus
377 1192 396 1221 ‚
446 1170 514 1219 ut
555 1155 865 1213 admonitu
901 1155 1230 1214 amicorum
1286 1163 1470 1220 averti

112 1247 188 1309 ‘ab
226 1247 494 1308 instituto
535 1247 825 1306 debuerit.
904 1248 1020 1310 Sed
1062 1249 1228 1308 aliter
1282 1251 1471 1312 visum

114 1337 197 1398 est
234 1337 407 1407 Deo,
450 1341 556 1414 qui
588 1341 743 1398 haud
780 1339 861 1397 ita
914 1342 1016 1401 diu
1060 1338 1187 1415 post
1221 1382 1238 1407 ‚
1282 1341 1472 1420 ingra-

113 1431 382 1490 vescente
410 1430 593 1488 indies
628 1433 784 1487 malo
823 1430 883 1485 δε
911 1432 1045 1488 tabe
1078 1434 1427 1506 pulmonum
1448 1475 1467 1502 ,

112 1524 321 1600 procul
349 1541 486 1581 eum
516 1519 793 1581 aterra&
820 1518 994 1577 rebus
1022 1519 1292 1583 humanis
1321 1523 1472 1583 abri-

115 1617 278 1694 puit:
322 1632 466 1694 quas
497 1612 557 1670 &
595 1627 659 1671 tu
693 1610 809 1687 ipse
840 1611 899 1670 δε
948 1630 1061 1689 ego
1103 1613 1469 1675 deserentem

114 1712 368 1770 vidimus
411 1723 568 1768 tanta
610 1706 785 1765 animi
827 1705 1141 1766 constantia
1169 1707 1227 1766 δε
1255 1728 1471 1787 aequa-

118 1805 344 1866 bilitate
366 1848 384 1874 ‚
421 1826 487 1867 ut
515 1823 634 1865 non
666 1803 911 1879 migrare
938 1821 971 1858 e
999 1804 1113 1862 vita
1147 1804 1242 1873 sed
1279 1821 1351 1864 ex
1370 1804 1471 1864 ho-

115 1901 301 1979 spitali
338 1901 474 1959 loco
507 1902 578 1957 ad
617 1913 909 1957 aeternam
958 1899 1203 1957 domum
1241 1898 1472 1957 evolare

116 1995 434 2055 videretur.
488 1992 658 2051 Adeo
694 1990 981 2065 intrepide
1011 1989 1238 2056 fatalem
1270 1991 1472 2050 horam

118 2084 534 2163 prospiciebat,
561 2083 841 2157 diemque
869 2097 1049 2155 quem
1081 2083 1255 2153 multi
1289 2099 1352 2142 ut
1381 2101 1478 2140 ex-

122 2194 380 2239 tremum
416 2173 799 2234 reformidant
846 2176 1037 2251 (quod
1078 2174 1220 2253 nihil
1260 2174 1370 2234 esse
1396 2175 1479 2234 vi·

121 2286 242 2329 tam
274 2270 430 2328 aliud
446 2281 751 2326 autument
774 2286 950 2344 quam
969 2269 1229 2345 corporis
1246 2267 1479 2344 pascen-

124 2364 184 2426 di
216 2360 561 2439 licentiam)
604 2361 785 2419 veluti
836 2361 1082 2420 natalem
1126 2363 1482 2421 aeternitatis

127 2443 550 2532 opperiebatur
629 2455 876 2514 Dudum
908 2457 1104 2514 animo
1131 2455 1238 2514 suo
1266 2475 1481 2532 propo-

125 2546 314 2643 suerat
356 2564 671 2611 venturum
714 2548 773 2607 id
808 2562 1038 2625 tempus
1067 2547 1177 2608 effe
1223 2568 1347 2625 quo
1375 2567 1483 2607 nu-.

792 2640 829 2677 ²*
877 2659 903 2715 3
1350 2639 1483 2694 dum
